4117 6175
237 224 267 280 ῃ
875 202 1106 264 auuvlaruuu
1125 204 1322 263 uorulcuu.
1910 216 1947 270 72
2057 287 2058 300 χ

236 328 1067 405 sabittadoronansooronabittetribulatione,quasipi·
1080 328 1103 384 ll
1117 329 1222 402 jamin
1240 332 1342 404 ianuis
1357 337 1401 390 est
1413 332 1551 392 terribilis
1574 331 1626 390 illa
1637 331 1713 393 hora
1725 333 1842 406 iudicii,
1857 335 1949 395 sileat

236 418 1065 497 lammiuetteinterremtatemetspauosamubimori-
1118 434 1189 491 ergo
1198 421 1298 479 omnis
1306 421 1487 481 earoaiaoie
1497 426 1560 487 tua,
1572 421 1808 496 etprolapsionis
1816 426 1949 484 suaeui-

236 524 304 593 eris,
316 527 345 583 et
354 522 397 581 ibi
407 520 460 577 erit
469 531 574 575 eurrus
587 513 765 585 gloriatum,
776 509 943 584 ignominia
952 507 1064 567 domus
1117 510 1317 582 pennalibus
1330 510 1432 569 diluat.
1448 514 1492 580 lit,
1506 510 1643 586 quianos
1654 511 1772 586 istaper
1781 528 1838 571 nos
1848 515 1947 575 lacere

236 612 353 673 Domini
361 608 472 668 Deitui.
484 603 672 679 Elexpellam
683 606 711 661 te
724 602 762 660 de
773 601 972 669 stationetua,
983 601 1011 655 et
1024 596 1063 653 de
1116 612 1178 654 non
1188 599 1332 667 valemus,
1346 614 1400 674 per
1409 605 1437 657 te
1456 599 1489 657 id
1502 616 1591 673 agere
1605 600 1800 660 confidimus.
1811 602 1881 661 ldeo
1893 619 1947 678 po-

236 698 400 760 ministerio
410 701 459 756 tuo
471 696 623 769 deponam
633 696 672 750 te.
690 694 723 749 Et
736 690 791 749 erit
807 689 839 747 in
855 689 903 747 die
913 688 984 746 illa:
1005 689 1063 744 Vo-
1116 687 1233 759 seimus,
1249 692 1289 755 ut,
1306 689 1358 764 qui
1380 690 1490 748 eleetos
1511 689 1551 746 ad
1565 694 1591 747 te
1603 690 1742 748 vocando
1755 691 1939 763 sanctificas,

236 789 312 847 cabo
327 802 448 845 servum
462 798 566 841 meam
581 777 830 837 Eliaohimfilium
847 776 963 845 lleloiee,
979 776 1007 831 et
1017 773 1064 830 in·
1115 781 1287 848 peccatores
1300 778 1488 837 coronandos
1503 778 1686 837 beatitudine
1707 782 1819 839 aterna
1834 781 1942 839 sustol-

235 878 328 935 duam
345 866 834 938 illumtunioamtuam‚etoingulo
845 870 896 923 tuo
914 862 1061 923 contorta·
1114 864 1338 937 las.g.1lmen.

233 964 274 1024 bo
285 980 365 1032 eum,
376 968 405 1021 et
412 963 604 1035 protestatem
617 963 701 1016 tuam
712 956 789 1015 dabo
797 954 828 1011 in
838 968 930 1011 manu
941 950 966 1025 ej
972 968 1017 1022 us,
1032 954 1061 1009 et
1150 954 1207 1010 Per
1218 954 1455 1013 misericordiam
1469 960 1552 1015 tuam

233 1040 1061 1129 eritquasipaterhabitentibasinHieruselsmetdomui
1114 1042 1332 1101 tusscorum
1359 1045 1465 1102 Paula
1489 1044 1665 1103 SECUNDAE
1696 1044 1937 1105 anebontem.

232 1145 321 1203 luda.
334 1146 367 1201 nt
376 1140 457 1199 dabo
465 1140 581 1197 elavem
591 1137 701 1195 domus
711 1134 804 1194 David
815 1148 905 1209 super
914 1133 1060 1190 humeros
1398 1133 1448 1190 Ad
1469 1133 1657 1192 Matutiaum

232 1229 661 1306 ejus,etaperiet,et16non
675 1218 1060 1298 eritquielaudat,etolau-
1148 1219 1335 1293 Antiphone.
1351 1221 1489 1290 Domine,
1501 1222 1573 1296 quid
1591 1222 1780 1297 multiplicati
1794 1228 1874 1291 sunt,
1890 1234 1944 1299 qui

231 1323 290 1395 det,
313 1323 342 1378 et
355 1336 416 1379 non
429 1319 482 1376 erit
496 1316 549 1391 qui
562 1316 690 1390 aperiat.
710 1316 745 1371 Et
757 1313 851 1383 figam
866 1310 1013 1386 paxillum
1028 1310 1060 1366 in
1112 1309 1258 1369 tribulant
1268 1326 1317 1370 me
1333 1312 1349 1368 t
1363 1316 1395 1370 tu
1409 1316 1521 1381 aulem,
1535 1312 1671 1380 Domine,
1684 1319 1842 1388 suseeptor
1855 1330 1943 1371 meus

230 1411 297 1469 loeo
322 1408 405 1466 fideli
430 1410 458 1463 et
477 1406 531 1463 erit
550 1405 582 1462 in
595 1404 705 1461 solium
717 1401 819 1474 gloria
840 1401 950 1459 domus
967 1397 1060 1473 patris
1113 1414 1158 1456 ea.
1176 1400 1311 1459 Ptatmus
1334 1413 1379 1459 ru.
1404 1417 1472 1460 cam
1499 1416 1554 1459 sua
1581 1401 1733 1461 Oratione.
1762 1401 1945 1477 ltultiplioati

230 1500 288 1555 sui.
299 1499 333 1556 Et
346 1494 532 1570 suspendam
545 1508 636 1566 super
646 1507 716 1549 eum
729 1504 851 1548 omnem
867 1488 995 1561 gloriam
1007 1486 1061 1544 do-
1114 1491 1195 1555 sunt,
1209 1488 1343 1557 Domine,
1355 1491 1414 1562 sol.
1429 1492 1446 1546 8

229 1583 644 1659 muspatriseJ'us.1e.amen.
1149 1579 1335 1651 Antiphone.
1346 1585 1371 1636 l.
1380 1582 1493 1638 Montes
1508 1583 1539 1637 et
1550 1580 1641 1639 eolles
1656 1580 1826 1639 cantabunt
1840 1596 1945 1640 eoram

265 1674 585 1749 HymnusCunetorum
592 1664 1058 1742 llexomnipotens.Requiresol.
1075 1667 1943 1743 13deo,etomnialinguasilrarnmplaudentmanibusP.

230 1768 257 1821 7.
271 1762 471 1835 supplicatio.
484 1761 610 1819 Oramus
631 1758 859 1831 Redemptorem
870 1754 987 1812 mundi.
1003 1754 1059 1811 lle·
1114 1756 1367 1822 Quoniamvenist
1377 1757 1945 1830 bominusdominatorinsignumaeter·

232 1852 428 1925 quaesout.
1113 1859 1197 1913 num,
1210 1845 1307 1921 'qued
1333 1860 1503 1921 numquam
1530 1845 1742 1909 auferebant.
1764 1846 1945 1905 Gaudebunt

266 1941 419 2013 Capitate.
434 1933 1059 2012 Christus,qui,nasoiturusinearnaoom·
1112 1934 1563 2008 eampi‚etomnialinguaoedri
1574 1935 1691 2002 Libani,
1699 1935 1940 2010 quasplantasit.

229 2030 414 2105 plumentum
426 2027 522 2085 taetus
540 2041 572 2083 es
583 2024 658 2097 legis
675 2040 682 2093 ;
699 2023 911 2098 perlectionem
923 2021 955 2078 in
968 2021 1058 2078 nobis
1112 2022 1172 2080 lllie
1185 2039 1327 2098 passeres
1339 2024 1550 2082 nidificabunt.
1561 2024 1593 2081 P.
1606 2025 1754 2092 Quoniam
1775 2025 1875 2082 veniet
1884 2026 1943 2083 llo-

227 2118 323 2178 tribue
343 2116 506 2175 sanctitatis
522 2134 529 2173 :
547 2119 584 2183 et,
601 2115 654 2189 qui
677 2114 749 2171 olim
763 2112 901 2170 Adventu
915 2114 967 2167 luo
981 2110 1058 2167 redi·
1111 2112 1222 2170 minus.
1236 2113 1271 2175 a.
1288 2113 1395 2185 Gloria,
1411 2118 1441 2171 et
1452 2113 1560 2171 honor.
1574 2113 1606 2170 P.
1616 2113 1764 2181 Quoniam
1776 2113 1884 2171 reniet.

229 2223 310 2267 mere
323 2207 467 2280 dignatus
484 2220 516 2264 es
540 2205 699 2275 mundum,
708 2202 812 2276 judieii
831 2201 873 2259 tui
887 2204 1022 2275 tempore
1038 2215 1058 2258 a
1146 2202 1259 2261 Oratio·
1277 2202 1450 2261 llominator
1462 2202 1597 2271 Domine,
1608 2202 1704 2277 quiin
1717 2202 1837 2275 signnm
1851 2207 1940 2262 ater·

229 2298 383 2374 suppliciis
395 2312 483 2356 serra
497 2296 615 2353 animas
629 2292 853 2366 redemptorum
1111 2306 1185 2348 num
1198 2289 1337 2349 liberator
1355 2291 1462 2349 mundi
1476 2291 1650 2360 adveniens,
1663 2295 1779 2350 montes
1801 2295 1832 2350 et
1849 2290 1940 2349 eolles

264 2389 349 2445 Pater
358 2389 472 2458 noster,
483 2384 535 2458 qui
546 2398 578 2441 es
588 2384 619 2440 in
629 2382 723 2440 ooells.
1111 2394 1213 2437 eoram
1228 2384 1256 2437 te
1269 2380 1390 2438 laudem
1406 2380 1501 2438 iecisti
1513 2380 1656 2452 olamare,
1668 2396 1738 2439 oum
1748 2380 1849 2438 tolain
1860 2380 1941 2438 tevi·

230 2475 356 2534 liberati
365 2489 385 2534 a
395 2472 485 2542 malo,
500 2476 554 2531 eto.
571 2471 760 2545 Requiresol.
779 2474 805 2526 2.
1110 2468 1210 2527 sentia
1220 2468 1415 2542 approbasti;
1431 2468 1560 2527 eoneede
1572 2469 1671 2540 nobis,
1686 2474 1720 2527 ut
1731 2468 1847 2537 laudes,
1859 2484 1940 2542 quas

228 2566 346 2624 Laudo.
363 2568 439 2621 Deus
451 2578 599 2630 summus,
612 2559 762 2635 terribilis.
773 2557 951 2617 Benedictio.
968 2561 1056 2629 Deua,
1113 2556 1246 2628 glorioso
1255 2557 1372 2615 nomini
1386 2556 1726 2625 sanototuoofferimus,
1737 2561 1875 2631 aeeeptas
1885 2556 1941 2615 tibi

231 2654 283 2713 liei
292 2654 388 2712 Patris
403 2653 502 2711 Pilius.
517 2652 619 2721 Quare
627 2652 684 2722 fol.
703 2652 736 2707 ll
1112 2661 1233 2720 semper
1246 2645 1348 2704 allieas
1362 2664 1369 2702 r
1383 2649 1426 2714 ut,
1439 2647 1493 2720 qui
1508 2645 1657 2704 mundum
1672 2645 1892 2718 redempturus,
1907 2645 1940 2702 in

264 2744 399 2803 aaeaate
414 2741 553 2814 Vespera.
571 2739 685 2797 Lauda.
701 2736 809 2795 Aeolis
823 2740 890 2795 ortu
905 2750 1003 2809 usque
1016 2734 1057 2792 ad
1112 2734 1495 2808 solutissignoostensnses
1508 2734 1940 2808 ;mundumiterum1udieatu·

226 2846 381 2891 oeoasum.
401 2828 583 2903 Requiresol.
599 2833 624 2885 l.
1110 2839 1172 2894 rus,
1183 2840 1245 2882 non
1257 2823 1395 2896 ultorem,
1407 2824 1460 2882 sed
1476 2824 1665 2883 liberatorem
1677 2829 1706 2883 te
1719 2824 1830 2881 nostris
1841 2823 1938 2882 oeulis

261 2922 352 2979 Seue.
371 2918 504 2976 Alleluia.
523 2916 702 2975 Gaudebunt
716 2915 827 2988 eampl.
841 2914 898 2985 fol.
916 2916 950 2969 tl
1110 2914 1294 2973 manifestes.
1309 2914 1341 2977 P.
1356 2918 1465 2973 Amen.

260 3008 444 3081 Antiphone.
472 3004 531 3061 Erit
552 3004 697 3061 Dominus
711 3017 824 3059 oorona
835 3001 937 3073 gloriae
951 2999 983 3057 in
1006 3000 1090 3088 diac
1145 3004 1200 3060 Per
1218 3003 1458 3061 miseridordiam
1473 3007 1566 3062 tuam.

223 3097 284 3154 illa.
296 3096 591 3152 paromanarium
604 3092 712 3150 latitia
728 3091 883 3149 residuum
896 3088 998 3163 populi
1007 3089 1054 3146 sui
1143 3092 1316 3166 Antiphone
1322 3098 1349 3150 t.
1359 3093 1465 3151 Adhuc
1476 3093 1631 3151 modieum
1639 3092 1937 3151 etaonsummabitur

222 3185 322 3243 lsrael.
347 3182 379 3247 ri.
402 3183 437 3241 Et
449 3181 654 3239 dominabitur
674 3197 692 3237 a
708 3179 892 3252 mariusque
905 3178 944 3235 ad
959 3193 1052 3245 mare,
1107 3179 1284 3252 indignatio.
1297 3182 1331 3238 P.
1346 3183 1426 3239 utin
1439 3180 1492 3239 illa
1505 3182 1554 3240 die
1569 3182 1718 3239 auferetur
1736 3197 1816 3239 onus
1830 3181 1868 3238 de
1878 3182 1935 3239 hn-

222 3279 251 3333 et
264 3289 363 3349 usque
379 3271 419 3330 ab
434 3269 550 3329 flumen
567 3268 751 3343 propagines
765 3268 839 3340 eius.
856 3268 893 3326 P.
917 3269 950 3323 lit
962 3282 1053 3323 orna·
1108 3285 1192 3328 mero
1206 3274 1321 3338 nostro,
1334 3275 1362 3328 et
1372 3271 1481 3344 jugum
1496 3271 1533 3329 de
1548 3271 1625 3330 collo
1636 3275 1749 3329 nostro.
1766 3271 1799 3334 i.
1809 3271 1936 3328 Videant

221 3369 357 3424 mentum
369 3361 487 3420 latitia.
499 3360 530 3422 it.
546 3358 653 3430 Gloria,
665 3363 695 3416 et
706 3358 803 3415 honor
812 3355 898 3413 Patri.
912 3357 951 3415 P.
965 3358 999 3413 ut
1008 3371 1055 3417 or.
1107 3374 1264 3434 pauperes,
1281 3364 1310 3417 et
1322 3360 1460 3418 latentur
1474 3379 1481 3418 :
1495 3361 1619 3434 quaerite
1634 3360 1804 3427 Dominum,
1814 3364 1845 3417 et
1855 3359 1939 3418 rivet

221 3459 397 3514 numentum
410 3449 528 3509 latitia.
1108 3450 1211 3508 anima
1224 3455 1333 3507 restra.
1348 3451 1388 3509 P.
1401 3453 1434 3508 llt
1445 3451 1476 3508 in
1488 3450 1539 3509 illa
1552 3449 1613 3509 die.
1623 3449 1655 3510 i.
1670 3448 1779 3516 Gloria,
1790 3449 1937 3508 ethonor.

256 3543 373 3602 Lauda
390 3539 536 3611 Exultent,
559 3542 588 3597 et
610 3536 749 3597 latentur
767 3535 799 3594 in
822 3540 980 3602 teomnaa
1000 3534 1054 3609 qui
1109 3541 1150 3599 P.
1165 3543 1200 3598 lit
1211 3539 1242 3596 in
1258 3537 1309 3597 illa
1323 3539 1381 3597 die.
1800 3559 1804 3564 ·

221 3635 361 3707 quarunt
373 3633 411 3696 te,
424 3629 558 3696 Domine,
573 3627 700 3685 alleluia.
717 3628 753 3683 P.
770 3626 804 3682 Et
822 3625 923 3683 disant
940 3644 947 3684 :
973 3624 1055 3681 Sem·
1144 3627 1256 3686 Oratio.
1269 3628 1340 3685 lesu
1354 3627 1493 3687 Salvator
1506 3632 1607 3687 noster
1626 3630 1656 3686 et
1670 3629 1805 3694 Domine,
1825 3627 1879 3701 qui
1888 3628 1940 3700 jn·

222 3733 276 3794 per
292 3716 510 3789 magnificetur,
534 3715 661 3785 alleluia,
687 3713 806 3774 alleluia
825 3713 857 3774 i.
872 3712 1006 3781 Domino,
1021 3711 1053 3770 in
1107 3733 1181 3792 gum
1192 3717 1940 3792 legisaeollonostropreedioamentogratiasustu·

221 3809 335 3867 lumine
355 3806 456 3864 vultus
469 3806 510 3863 tul
526 3803 736 3872 ambulabunt.
749 3809 779 3862 et
801 3805 833 3863 in
857 3804 981 3862 nomine
1000 3805 1053 3862 tuo
1106 3806 1176 3873 listi,
1191 3811 1308 3866 etonns
1323 3805 1417 3864 nostri
1430 3807 1587 3865 humeriln
1603 3807 1663 3864 tuis
1674 3805 1808 3864 humeris
1818 3805 1939 3878 exeepi·

221 3897 441 3958 exaltabuntur.
464 3895 500 3953 P.
520 3897 554 3950 lit
574 3893 685 3952 disant.
710 3893 743 3956 il.
766 3893 875 3961 Gloria,
903 3896 932 3950 et
954 3892 1053 3950 honor
1106 3896 1163 3964 sti;
1178 3897 1311 3955 ooneede
1321 3896 1463 3970 precibus
1478 3896 1615 3954 liselesira
1627 3901 1698 3967 tua,
1711 3901 1754 3964 nt,
1770 3911 1851 3971 qna,
1862 3909 1938 3953 oon-

220 3987 307 4060 Patri,
320 3989 348 4044 et
363 3984 445 4044 Filio.
455 3983 490 4040 P.
504 3985 537 4039 Et
552 3981 654 4040 dieunt
669 3997 795 4054 semper.
1106 3989 1257 4044 summata
1271 3985 1488 4058 indignatione,
1498 3985 1570 4045 fidei
1583 3990 1639 4043 tuae
1651 3984 1935 4060 preceptorelulsit;

253 4077 403 4149 Hymnus.
431 4071 538 4130 Christi
553 4074 671 4129 oatarva
694 4070 834 4129 clamitet.
850 4071 1049 4142 supplicatio.
1104 4074 1143 4133 de
1152 4079 1364 4134 consummata
1371 4074 1485 4148 iustitia
1496 4073 1776 4144 mereamurate,ad
1785 4073 1934 4146 judicium

219 4161 580 4235 oremusltedemptorem
590 4157 696 4216 mundi
715 4157 878 4216 bominum
898 4163 1047 4236 nostrum,
1107 4164 1160 4235 17
1178 4162 1423 4230 veniente,attolli
1436 4179 1443 4220 ε
1454 4167 1487 4220 ut
1499 4163 1585 4221 ethio
1598 4161 1821 4234 ledeitervivat,
1836 4165 1935 4235 etpos
2057 4218 2058 4221 ,

217 4247 1045 4328 utsupraiaprimoDominicodeAdueutuDomiuisol·
1101 4247 1932 4325 ielioioriprospeotulaoiemdivinitalismaalatabonda

220 4347 247 4402 l.
261 4350 289 4402 et
301 4347 327 4400 2.
342 4342 496 4414 capitula.
510 4341 625 4411 Exurge
637 4339 724 4411 Deus,
744 4336 796 4411 qui
804 4336 923 4410 judiees
936 4339 1047 4395 terram
1061 4376 1085 4432 D
1101 4339 1235 4412 aspiciat.
1250 4349 1287 4410 u.
1305 4342 1410 4395 Amen.

218 4431 323 4500 Quare
334 4431 391 4502 fol.
416 4431 449 4490 lt)
471 4429 558 4487 Pater
571 4430 679 4485 noster.
696 4424 823 4484 liberali
837 4439 856 4484 a
868 4425 961 4496 malo,
988 4426 1044 4482 eto.
1136 4428 1192 4485 Per
1205 4426 1444 4484 misericordiam
1458 4430 1554 4497 tuam,
1569 4431 1657 4501 Deus,
1677 4432 1733 4486 eto.

217 4513 922 4590 (lauressae.uenedieuouhristusuomlnus,
938 4510 992 4586 qui
1005 4511 1045 4568 td
1134 4516 1303 4589 Antiphone
1324 4518 1352 4572 t.
1371 4517 1435 4587 Ego
1449 4519 1518 4574 ante
1546 4519 1576 4574 te
1593 4516 1655 4584 ibo,
1683 4513 1756 4574 dleit
1785 4515 1933 4574 llominus

215 4609 274 4666 hoo
286 4606 376 4677 senil,
390 4609 445 4664 eto.
460 4607 564 4676 Quare
573 4605 631 4678 sot.
651 4607 692 4662 to.
706 4613 741 4674 a.
755 4605 860 4660 Amen.
1098 4606 1138 4664 P.
1152 4606 1187 4662 Et
1199 4604 1348 4678 gloriosos
1360 4607 1445 4663 terra
1456 4604 1637 4664 humiliabo.
1655 4605 1687 4668 l·
1700 4605 1789 4678 Dens,
1801 4603 1931 4662 deornm

251 4697 307 4756 Per
319 4694 554 4756 misericordiam
567 4693 672 4766 ipsius,
689 4695 745 4750 ete.
1099 4692 1253 4762 Dominus,
1266 4694 1384 4754 loeutus
1396 4697 1450 4763 est,
1467 4699 1497 4753 et
1508 4695 1627 4754 vooamt
1638 4698 1759 4753 terram
1775 4693 1808 4752 P.
1824 4696 1857 4751 ar
1868 4692 1933 4767 glo.

251 4787 357 4844 Lauda
369 4787 463 4859 Super
477 4783 606 4841 salutare
621 4786 717 4850 tunm,
729 4779 860 4848 alleluia,
875 4781 1042 4841 exultemus
1096 4783 1202 4853 riosos,
1217 4781 1249 4846 ll.
1266 4784 1365 4844 Gloria
1377 4789 1406 4843 et
1416 4785 1514 4844 honor
1527 4786 1617 4854 Patri,
1632 4788 1662 4842 et
1676 4783 1759 4853 Pilio,
1773 4784 1809 4840 P.
1822 4783 1931 4856 litglo·

214 4872 415 4943 vehementer,
428 4871 522 4930 vitam
534 4870 678 4945 petimus,
693 4869 802 4951 tribua,
819 4869 954 4940 uomina,
975 4871 1044 4930 alle·
1096 4872 1288 4930 riososterra
1300 4873 1479 4932 humiliabo.

213 4961 284 5030 luia,
296 4960 424 5019 alleluia.
438 4963 471 5019 P.
489 4963 520 5018 ln
535 4958 754 5032 longitudinem
765 4957 895 5026 dierum,
912 4959 943 5017 in
958 4966 1042 5018 ater·
1133 4962 1247 5020 Oratio.
1263 4963 1438 5030 listonobis,
1453 4963 1706 5036 Domine,oorona
1718 4959 1930 5035 gloriaindie,

213 5067 298 5118 num,
325 5055 355 5109 et
372 5049 404 5108 in
425 5049 571 5108 saeulum
593 5047 705 5119 saeuit,
719 5047 847 5114 alleluia,
865 5047 996 5108 alleluia.¹
1008 5049 1040 5112 l.
1096 5065 1158 5123 qua
1170 5051 1288 5110 veneris
1304 5051 1626 5126 saoulaJ'odioareper
1638 5052 1741 5124 ignem
1757 5049 1930 5107 :uthianos

212 5143 318 5212 llagna
326 5142 370 5197 est
379 5137 475 5210 gloria
483 5138 547 5211 eius
555 5137 586 5194 in
594 5135 717 5194 salutari
727 5140 788 5202 tuo,
799 5134 926 5208 gloriam
942 5142 1042 5196 etma-
1094 5139 1163 5214 pius
1177 5141 1288 5200 sestias
1308 5141 1486 5199 indumento
1498 5142 1631 5214 justitia,
1654 5145 1684 5200 et
1706 5145 1774 5214 post
1795 5138 1930 5213 perlaeta

212 5245 305 5304 gnum
314 5228 454 5286 deeorem
464 5229 602 5300 impones
613 5241 702 5300 super
711 5225 830 5284 eum.P.
843 5225 1042 5300 lnlongitudi-
1096 5228 1199 5300 gloriae
1213 5230 1362 5288 libertate.
1382 5241 1414 5302 u.
1435 5233 1540 5288 Amen.

211 5333 282 5378 nem
292 5317 421 5378 dierum.
434 5316 466 5379 l.
480 5315 586 5385 Gloria,
600 5319 629 5374 et
640 5315 738 5374 honor
750 5314 879 5374 PatriP.
897 5319 928 5374 ln
942 5316 1040 5390 longi·
1130 5319 1185 5374 Per
1199 5317 1437 5376 misericordiam
1454 5323 1546 5385 tuam,
1557 5323 1613 5376 ete.

212 5407 351 5466 tudinem
363 5407 493 5466 dierum.
1130 5417 1164 5478 u.
1178 5407 1261 5475 Boea,
1275 5406 1357 5477 Sion,
1370 5406 1542 5464 dominator
1560 5412 1630 5465 tuus
1650 5423 1722 5466 oum
1738 5405 1929 5481 jocunditate

250 5496 360 5557 Oratio.
378 5498 468 5556 Juxta
481 5496 535 5562 est,
552 5493 687 5561 Domine,
703 5493 767 5553 dies
779 5492 931 5553 Adventus
943 5495 997 5565 tui,
1012 5499 1041 5556 et
1094 5496 1204 5555 reniet.
1214 5495 1250 5554 P.
1262 5495 1512 5555 stomnessaneu
1523 5496 1801 5572 gaudebuntsuper
1812 5501 1926 5555 tesam
