4117 6175
300 234 370 290 1135
941 214 1172 279 saevientem
1192 218 1389 277 uotulcttlt.
1932 225 1998 280 llas

299 362 360 417 stre
369 370 449 415 nunc
463 351 556 413 corda
570 348 632 406 suis
647 346 818 422 precibusa
830 344 951 403 uitiiset
962 360 1062 403 errore
1074 344 1163 403 ‹ie-A
1179 359 1250 418 ergo
1260 345 1405 419 exemplis
1418 345 1565 412 instructi,
1580 346 1609 402 te
1616 359 1795 419 quesumus
1818 347 1997 407 sancum

299 452 423 525 purget:
440 442 569 519 qualiter
581 436 669 496 Vocis
685 440 843 511 sequentes
852 435 975 501 vestigia
989 434 1028 491 ad
1038 435 1125 492 Verbi
1179 432 1267 504 Deus,
1282 437 1317 490 ut
1328 434 1452 491 credula
1464 448 1584 506 semper
1598 448 1710 491 arcana
1720 435 1852 507 pectoris
1870 439 1995 495 nostrite

298 522 1126 607 mereamurpervenirepromissa,quistejubenteora·
1178 523 1309 597 capiant,
1322 528 1352 580 et
1364 526 1396 581 in
1410 523 1470 580 tuis
1484 522 1601 579 nunciis
1622 522 1778 596 praelixam
1798 524 1895 583 fldem
1913 526 1997 599 adpo

297 642 381 685 mum
1176 617 1265 670 nant:
1281 610 1994 683 utPrcecursoristuisutiregioitatibiviainnos-
2048 653 2049 658 ι

333 715 421 771 Pater
435 714 547 768 noster.
557 705 710 765 Liberalia
725 703 816 763 melo.
830 702 886 774 fol.
899 708 926 760 i.
1176 701 1229 759 tris
1244 700 1388 758 cordibus
1405 704 1596 775 preparetur,
1613 716 1676 775 quo
1697 706 1845 759 eternum
1857 708 1887 759 te
1905 704 1936 760 in
1950 720 1995 761 no·

333 800 513 861 Benedictio.
533 796 727 869 Omnipotens
737 791 972 865 DeusPater,qui
987 789 1124 862 Unigeni-
1175 788 1223 845 bis
1235 795 1441 863 permanente,
1453 789 1620 848 eradamus
1643 789 1839 863 supplicium.
1850 802 1885 861 ιι.
1899 794 1995 850 Amen.

299 894 329 949 lo
340 906 394 948 suo
407 889 557 947 nescituro
571 886 601 943 in
610 898 699 942 carne
709 882 856 940 loannem
872 880 961 938 voluit
974 880 1122 953 lieripras-
1210 876 1274 935 Per.

299 996 460 1043 cursorem,
477 974 623 1047 angelicis
635 989 687 1030 vos
694 971 837 1029 custodiis
854 971 985 1029 munitos
1004 968 1123 1026 amalis
1211 967 1753 1040 Antictonc12.cunridissetitariam
1761 968 1998 1036 Elisabeth,exul·

298 1068 440 1128 omuibus
450 1066 590 1137 dignetur
600 1062 721 1135 eripere:
738 1072 771 1131 ιι.
782 1062 924 1117 Αιιιθιι.Ει
936 1058 990 1133 qui
1002 1058 1033 1115 in
1047 1058 1123 1115 nati·
1176 1057 1355 1114 taritinlens
1366 1057 1397 1113 in
1408 1062 1493 1114 utero
1507 1058 1589 1129 ejus:
1602 1056 1636 1115 P.
1651 1058 1799 1130 Etrepleta
1812 1059 1928 1132 Spiritu
1941 1076 1999 1117 san·

297 1158 386 1214 vitate
397 1157 462 1229 ejus
475 1152 575 1211 multis
585 1150 689 1207 tribuit
703 1148 894 1220 gaudiorum
906 1163 1123 1221 precequoque
1177 1150 1225 1203 cto
1242 1146 1428 1213 exclamavit,
1443 1151 1472 1202 et
1484 1145 1576 1203 dixit:
1597 1146 1680 1203 Unde
1691 1146 1843 1213 boemihi,
1860 1153 1895 1204 ut
1913 1156 2000 1205 mater

297 1244 375 1303 illius
399 1248 469 1301 vota
491 1239 725 1313 supplicantium
750 1238 902 1295 munificet
920 1238 1122 1309 populorum:
1176 1235 1295 1291 Domini
1319 1234 1502 1292 meiveniret
1535 1234 1573 1291 ad
1590 1234 1664 1291 mel
1689 1234 1721 1295 ι.
1744 1235 1858 1293 veritas
1873 1235 1999 1294 deterre

297 1324 1052 1405 primentiipereum‚qucmvoluitfierilucernam
1070 1327 1124 1381 Lu·
1177 1328 1243 1381 orta
1262 1329 1327 1382 est:
1343 1327 1371 1380 et
1382 1322 1496 1394 justitia
1510 1322 1549 1380 de
1567 1322 1642 1380 coelo
1660 1323 1825 1397 prospexit.
1841 1326 1873 1379 P.
1912 1324 1948 1381 Et
1963 1342 2000 1381 rr-

297 1416 679 1492 minis,inreprehensibiles
690 1430 745 1471 ros
757 1413 867 1469 eilielat
878 1412 1123 1486 discipulosveri·
1175 1410 1303 1484 pictai.
1320 1411 1426 1477 Gloria,
1444 1416 1471 1467 et
1484 1412 1582 1467 honor
1595 1411 1683 1467 Patri.
1699 1410 1733 1470 P.
1744 1412 1916 1485 Etrepleta

297 1511 374 1569 tatis.
387 1521 420 1581 ιι.
431 1514 536 1565 Amen.
1212 1499 1287 1574 [cce]
1303 1501 1417 1558 Orotrb.
1432 1501 1518 1564 Deus,
1528 1499 1579 1573 qui
1595 1499 1684 1555 sterili
1699 1498 2000 1575 Elisabeth,senioque

332 1602 385 1655 Per
395 1593 598 1654 misericordia
616 1592 724 1665 ipsius.
1175 1587 1381 1659 infructuosa,
1393 1591 1539 1645 loannem
1551 1587 1761 1660 promissionis
1773 1589 1880 1646 Filium
1893 1591 2001 1647 condo

332 1686 488 1743 Laudatis
499 1688 581 1739 utero
592 1680 694 1737 matris
704 1696 778 1736 mem
789 1680 909 1737 vocavit
919 1694 977 1743 me,
993 1679 1120 1753 prophe·
1134 1693 1157 1749 Β
1175 1677 1263 1743 nesti,
1275 1677 1339 1750 qui,
1355 1676 1430 1733 dum
1442 1677 1542 1733 adhuc
1555 1676 1689 1734 inclusus
1701 1678 1768 1750 ejus
1777 1682 1862 1735 utero
1871 1686 2001 1752 portare·

296 1778 358 1832 mm
373 1771 550 1844 ingentibus
563 1768 664 1843 posuit
677 1770 806 1836 me,P.Et
815 1768 873 1824 sub
887 1767 1051 1825 velamento
1063 1783 1121 1825 ma·
1174 1771 1223 1824 tur
1239 1768 1332 1823 Deum
1346 1766 1377 1822 iu
1391 1766 1555 1839 hospitium
1577 1766 1706 1837 Virginis
1730 1766 1923 1825 habitantem
1951 1785 2001 1826 sue

295 1877 423 1919 nussum
435 1859 559 1934 protexit
569 1874 630 1916 me.
648 1856 782 1925 Alleluia,
799 1855 927 1915 alleluie.
939 1856 970 1917 ι.
988 1859 1021 1913 Et
1039 1856 1122 1913 retri·
1173 1853 1353 1912 salutatione
1368 1854 1579 1927 prophetarit;
1600 1858 1628 1911 te
1643 1855 1784 1925 petimus,
1804 1861 2000 1927 etrogamus,

295 1950 454 2007 buitmihi.
471 1948 615 2005 Dominus
636 1945 804 2003 secundum
829 1945 978 2017 justitiam
1004 1960 1119 2002 meam:
1173 1947 1207 2002 ut
1225 1944 1277 2017 qui
1292 1943 1507 2017 praedicatione
1520 1944 1586 2016 ejus
1603 1945 1689 2015 regni
1710 1944 1839 2001 coelestis
1860 1948 2001 2019 aperuisti

296 2038 499 2111 elsecundum
519 2035 722 2093 innocentiam
748 2050 892 2091 manuum
921 2048 1058 2091 mearum
1091 2034 1120 2090 in
1173 2032 1649 2105 credentibusjanuam,suliragio
1659 2033 1763 2106 ejusin
1774 2049 1871 2105 regno
1885 2040 1944 2093 tuo
1953 2054 2001 2093 nos

295 2132 458 2199 conspectu
474 2124 627 2182 oculorum
643 2123 719 2195 eJ'us.
733 2124 766 2181 P.
775 2124 809 2179 Et
823 2121 880 2178 sub
894 2122 1074 2180 velamento.
1086 2121 1119 2185 i.
1174 2121 1322 2194 perducas
1336 2120 1376 2179 ad
1389 2120 1527 2193 gloriam.
1542 2132 1576 2193 ιι.
1591 2126 1696 2179 Amen.

296 2214 402 2282 Gloria,
417 2214 553 2271 ethonor
566 2211 655 2267 Patri.
676 2212 709 2265 P.
724 2212 757 2267 lit
768 2208 825 2266 sub
840 2208 1018 2267 valamento.
1209 2210 1265 2265 Per
1282 2209 1530 2268 misericordiam.

331 2303 441 2360 Oratio.
458 2300 624 2365 Voxllcrbl,
642 2298 757 2355 amicus
768 2299 881 2370 sponsi,
895 2299 955 2371 qui,
971 2298 1121 2357 Christum
1208 2297 1999 2368 Acttpbenailixuteromatrisvoearituomenmeun.

294 2390 325 2449 in
341 2394 611 2449 eremoventurum
626 2403 691 2445 esse
704 2388 898 2461 pronuncias,
924 2389 1007 2445 viam
1032 2387 1075 2445 illi
1089 2388 1121 2445 in
1174 2386 1340 2443 Prmdicare
1353 2402 1461 2461 pacem
1475 2403 1482 2443 :
1497 2386 1617 2460 populis
1636 2388 1710 2444 dare
1721 2387 1869 2461 gaudium
1885 2406 1894 2445 :
1913 2392 2000 2447 P.l.n·
2048 2409 2049 2464 ι

294 2480 456 2539 infidelium
465 2478 606 2537 cordibus
612 2491 787 2553 praeparans
799 2480 877 2544 ,esto
887 2476 976 2534 nobis
989 2476 1121 2535 cordium
1174 2473 1358 2545 gentionem
1373 2474 1444 2533 Sion
1460 2489 1566 2548 parare
1579 2476 1658 2533 viam
1673 2476 1705 2532 in
1718 2476 1846 2534 deserto.
1860 2478 1898 2539 it.
1915 2480 1998 2539 Deua

274 2552 467 2628 'nostrorum
481 2566 853 2639 etmenliumproeparator
861 2565 971 2638 pariter
982 2569 1121 2638 etpurga·
1174 2562 1228 2636 qui
1239 2562 1391 2637 precinxit
1404 2578 1453 2621 me
1463 2564 1567 2621 virtute
1582 2580 1590 2619 r
1610 2568 1639 2621 et
1649 2565 1748 2637 posuit
1773 2564 2001 2623 immaculatam

296 2663 360 2716 tor:
374 2660 407 2714 ut
425 2654 505 2730 quod
515 2654 574 2713 illis
588 2655 659 2712 olim
673 2654 759 2725 egisti
771 2653 982 2727 predicatione
991 2654 1121 2722 rocis‚in
1173 2652 1371 2710 mammeam.
1384 2653 1425 2711 P.
1436 2652 1629 2725 Lugentibus.
1643 2652 1674 2713 t.
1690 2651 1798 2720 Gloria,
1807 2654 2002 2713 etbonorPa·

294 2746 469 2805 nobisnunc
480 2760 585 2803 exores
597 2741 783 2819 quotidianis
795 2743 945 2814 suffragiis
955 2760 961 2799 :
970 2758 1033 2817 quo
1044 2743 1122 2801 sicut
1174 2741 1221 2797 tri.
1237 2740 1270 2796 P.
1282 2740 1473 2812 Lugentibus.

295 2850 348 2909 per
362 2838 389 2891 te
403 2833 531 2892 Domino
548 2834 578 2891 in
589 2831 680 2890 lsrael
694 2836 863 2905 preparata
875 2836 929 2900 est,
942 2831 1002 2898 rie,
1015 2832 1057 2889 ila
1067 2847 1122 2904 per
1210 2830 1324 2887 Oratio.
1357 2830 1480 2898 Christe,
1511 2830 1561 2887 Dei
1577 2830 1674 2898 lilius,
1700 2830 1754 2905 qui
1780 2830 2003 2892 Prsecursorem

294 2926 323 2977 te
341 2920 429 2978 nobis
442 2924 623 2994 preparetur
641 2924 712 2991 post
725 2919 885 2976 transitum
895 2920 1012 2977 mansio
1024 2920 1122 2978 incoe·
1173 2921 1271 2984 tuum,
1281 2921 1327 2974 est
1341 2923 1411 2976 ante
1425 2922 1589 2975 ortumsuo
1602 2918 1725 2977 nomine
1734 2925 1866 2985 uocaset
1879 2932 1956 2993 post
1963 2938 2005 2979 or·

293 3006 417 3065 lectibus
430 3006 612 3064 laetabunda.
629 3018 661 3071 ιι.
677 3006 782 3063 Amen.
1135 3031 1156 3088 ρ
1174 3008 1240 3062 tum
1253 3005 1377 3064 nomine
1388 3005 1455 3079 ipso
1468 3006 1636 3078 glorilices:
1652 3007 1766 3065 dumet
1779 3008 1821 3064 ab
1834 3010 1959 3081 Angelo
1972 3027 2006 3067 ex

328 3095 394 3153 Per.
1175 3094 1298 3152 nomine
1306 3096 1478 3153 nasciturus
1490 3096 1668 3170 prodicitur,
1684 3102 1715 3154 et
1724 3101 1814 3156 natus
1828 3097 1861 3154 in
1874 3098 1953 3172 ipso
1958 3116 2006 3158 no·

565 3183 611 3242 ld
627 3182 822 3241 Melitenam.
1174 3183 1257 3242 mine
1267 3184 1414 3258 apopulis
1426 3185 1593 3244 admiratur
1607 3205 1616 3256 ;
1636 3190 1664 3243 te
1689 3201 1877 3259 quesumus,
1900 3193 1942 3246 ut
1955 3204 2005 3262 per

327 3272 515 3344 Antiphone.
531 3271 623 3330 Labie
644 3287 723 3342 mea,
743 3271 879 3343 Domine,
894 3272 1027 3346 aperies:
1044 3278 1121 3332 etos
1173 3288 1254 3341 eum,
1264 3289 1358 3347 quem
1371 3274 1536 3348 predicare
1550 3289 1657 3348 pacem
1668 3274 1788 3348 populis
1802 3273 1942 3342 soluisti,
1956 3293 2004 3352 per

292 3378 394 3421 meum
409 3360 607 3420 adnunciabit
619 3361 739 3418 laudem
757 3365 851 3418 tuam.
862 3362 1003 3420 Perimes
1016 3380 1040 3418 r..
1173 3377 1243 3418 eum
1259 3369 1357 3435 tergas
1369 3362 1474 3420 sordes
1492 3363 1587 3421 nostri
1598 3362 1710 3438 piaculi
1724 3385 1732 3420 :
1748 3367 1790 3428 ut,
1803 3363 1858 3437 qui
1876 3365 2001 3437 plebem

329 3452 439 3510 Oratio.
454 3450 590 3508 Exultent
599 3451 631 3507 in
644 3457 680 3516 te,
695 3449 830 3519 Domine,
843 3449 926 3508 labia
934 3456 1038 3510 nostra
1047 3467 1121 3524 prte-
1174 3450 1395 3525 tibiperieetam
1404 3456 1566 3525 paraturus
1572 3451 2003 3528 advenitcredentiumpopn·

293 3539 380 3597 conio
396 3538 544 3597 veritatis:
557 3554 595 3596 ne
606 3537 794 3596 resolventur
811 3539 985 3612 vaniloquio
1008 3539 1119 3599 talsita·
1172 3537 1218 3596 los
1231 3543 1291 3597 tum
1300 3539 1506 3598 inlustrandos
1512 3540 1648 3599 restituat
1659 3538 1794 3598 claritati.
1809 3551 1844 3611 ιι.
1854 3543 1967 3600 amen.

292 3627 329 3685 tis
344 3632 390 3685 :et
404 3627 459 3685 tibi
475 3643 593 3702 semper
614 3625 741 3700 gloriam
755 3627 864 3695 dicant,
890 3642 928 3685 ne
947 3626 1120 3687 indecenter
1209 3629 1264 3684 Per
1284 3628 1536 3687 misericordiam.
2048 3620 2049 3635 ¹

291 3715 425 3774 rixarum
434 3715 535 3788 litigiis
546 3717 749 3790 perstrepant;
763 3717 994 3791 animaquoque
1004 3723 1116 3791 nostra,
1208 3727 1240 3788 ιι.
1255 3716 1306 3773 liic
1318 3722 1363 3775 est
1376 3721 1553 3784 Praecursor,
1568 3718 1621 3790 qni
1639 3717 1771 3777 directus
1777 3721 1840 3777 est:
1856 3723 1889 3776 et
1908 3720 1999 3778 lucer
2048 3718 2049 3747 ³

292 3820 383 3877 quam
395 3804 556 3875 redemisti,
573 3804 715 3877 martyris
739 3806 780 3861 tui
796 3804 921 3861 loannis
942 3805 1079 3879 Daptistre
1090 3814 1119 3864 et
1171 3804 1405 3864 nalucensente
1416 3808 1520 3863 Deum:
1537 3807 1601 3880 ipse
1614 3812 1659 3864 est
1669 3806 1750 3864 enim
1762 3809 2000 3876 ioannes,P.t)ni

292 3893 537 3953 Proecussoristui
547 3893 700 3952 laudando
712 3893 907 3966 triumphum,
921 3891 1060 3968 ejusdem
1066 3909 1119 3968 pa·
1170 3894 1255 3952 dam
1262 3895 1388 3953 Domino
1398 3895 1589 3970 preparabat
1602 3896 1635 3953 in
1644 3911 1764 3955 eremo:
1778 3901 1815 3969 et,
1832 3900 1866 3953 nt
1876 3903 1998 3969 agnum

291 3982 419 4040 trocinio
431 3987 459 4040 te
471 3997 642 4042 mereamur
653 3981 765 4039 habere
778 3981 952 4054 propitium.
969 3993 1001 4054 ιι.
1010 3985 1115 4040 Amen.
1172 3982 1225 4039 Dei
1235 3983 1465 4050 demonstraret,
1480 3983 1687 4045 inluminabat
1698 3990 1814 4044 mentes
1835 3983 1996 4043 bominum

327 4071 383 4129 Per
396 4071 633 4130 misericordiam
653 4075 749 4128 tuam.
1172 4072 1324 4142 preconio
1332 4072 1488 4132 suadtatis
1496 4089 1558 4130 sum
1566 4073 1698 4147 sociali.
1711 4077 1776 4132 lton
1790 4075 1999 4132 surmxitintrr

326 4158 1117 4233 lotipboaal‚ApparuitAngeluszaobarioeadextris
1170 4161 1430 4220 natosmulierum
1441 4161 1998 4237 majoricannellaptisla.P.Quiviam
2048 4194 2049 4205 ι

291 4247 403 4314 nitaris,
423 4248 576 4307 dicensei:
590 4251 630 4304 Ne
647 4247 761 4314 timeas,
774 4246 847 4319 quia
855 4245 997 4304 exaudita
1010 4251 1055 4304 est
1067 4248 1118 4306 de
1170 4248 1307 4308 Domino.
1323 4249 1355 4310 it.
1370 4250 1479 4320 Gloria,
1493 4251 1626 4309 ethoner
1638 4252 1727 4310 Patri.
1745 4252 1777 4309 P.
1794 4249 1853 4319 Qui
1864 4251 1962 4310 riam.

290 4337 424 4411 precatio
434 4345 486 4394 tua
499 4353 506 4393 :
520 4335 552 4392 P.
562 4338 635 4392 Ecce
648 4339 787 4392 nascetur
796 4333 851 4391 tibi
864 4335 959 4392 tilius:
973 4337 1027 4394 erit
1036 4338 1155 4433 enimD
1206 4336 1843 4411 Oratio.Deus‚quiioanuemprmcursor-em
1851 4343 1943 4396 tuum
1956 4355 1999 4396 ar
2048 4388 2050 4415 ‚

290 4437 420 4495 maguus
436 4439 538 4482 coram
552 4423 689 4482 Domino.
701 4421 735 4486 it.
750 4422 876 4480 audiam
890 4424 964 4498 quid
979 4425 1118 4500 loquatur
1169 4425 1737 4500 dentemlucernamatquelueentemiu
1746 4427 1860 4501 templo
1866 4431 1998 4486 tuccon-

288 4511 320 4570 iu
333 4529 383 4572 me
403 4513 548 4571 Dominus
567 4515 663 4570 Deus:
680 4511 825 4586 quoniam
844 4512 984 4586 loquetur
1009 4531 1116 4588 pacem
1170 4515 1290 4574 stituisti
1305 4519 1358 4585 ;ut
1371 4516 1478 4574 ardore
1491 4513 1572 4582 fidei,
1586 4531 1650 4589 quo
1661 4515 1788 4583 calebat,
1795 4515 1865 4573 aliis
1875 4533 1997 4591 quoqm

289 4603 319 4660 in
338 4603 456 4678 plebem
472 4619 559 4660 suam
572 4618 579 4670 ;
590 4607 618 4661 et
636 4617 727 4676 super
739 4607 860 4660 sanctos
876 4618 957 4669 suos,
977 4605 1050 4661 etin
1064 4620 1116 4663 cos
1168 4601 1364 4662 inlucesceret
1371 4619 1496 4662 suorum
1505 4619 1632 4677 operum
1639 4603 1998 4677 llamma;danobisejns

288 4692 340 4767 qui
351 4696 525 4751 convertunt
539 4707 591 4750 cor
599 4691 639 4749 ad
651 4691 761 4767 ipsum.
771 4691 803 4750 P.
820 4693 893 4749 Ecce
912 4697 1058 4752 nascetur.
1082 4693 1114 4756 lt.
1169 4692 1469 4763 montisderiensem
1480 4698 1539 4749 tute
1550 4691 1719 4751 dulcedinis
1734 4692 1997 4762 suberectum
2048 4692 2050 4803 l

288 4780 397 4854 Gloria,
414 4786 443 4840 et
455 4781 553 4840 bonor
571 4780 660 4838 Patri.
673 4781 704 4837 P.
720 4783 792 4837 Ecce
804 4784 954 4839 nascetur.
1169 4780 1342 4840 aternitatis
1356 4785 1415 4839 tum
1428 4781 1582 4852 attingere,
1592 4782 1762 4839 concedens
1772 4780 1931 4852 fragilitati
1943 4797 1997 4838 no

323 4869 531 4930 OratioPlena
542 4874 620 4942 sunt,
630 4869 766 4937 Domine,
775 4874 804 4926 et
814 4869 1014 4927 redundantia
1022 4869 1114 4929 bene·
1169 4875 1247 4940 strae,
1259 4869 1475 4928 utsiolucernte
1484 4869 1607 4928 turesint
1619 4872 1857 4937 animisnostrm,
1866 4871 1998 4944 qualiter
2048 4868 2049 4877 ’

286 4959 355 5019 ficia
374 4961 552 5035 lua,quibus
576 4960 739 5017 sacerdotis
757 4957 907 5015 zacharie
921 4964 1112 5028 seneclutem,
1168 4959 1238 5016 dum
1246 4958 1305 5016 illis
1315 4959 1416 5016 oleum
1424 4958 1581 5017 suavitatis
1592 4958 1739 5026 infundis,
1747 4957 1996 5032 luturiseasgau·
2048 5000 2050 5023 ,

285 5049 400 5120 Angelo
408 5054 571 5123 apparente
581 5065 599 5106 a
609 5047 720 5106 dextris
729 5046 840 5114 alteris,
855 5047 997 5118 dignatus
1007 5063 1040 5106 es
1050 5065 1115 5122 per-
1168 5047 1456 5120 discurreretur.
1472 5057 1578 5106 Amen.

284 5137 432 5196 lustrare:
447 5138 522 5195 dum
550 5138 599 5195 ille
626 5143 654 5194 el
674 5136 778 5194 audire
794 5137 914 5193 meruit:
930 5139 971 5194 lle
996 5139 1112 5207 timeas,
1203 5138 1269 5194 Per.

285 5227 354 5299 quia
366 5224 508 5284 exaudita
521 5231 566 5284 est
585 5224 752 5298 deprecatio
766 5229 826 5290 tua,
840 5229 874 5281 ut
886 5225 952 5282 risu
964 5225 1113 5288 foveretur
1370 5260 1373 5264 Δ
1611 5281 1618 5294 ,

283 5316 666 5390 pariter,etsermone:quo
675 5311 916 5370 munereditalus
925 5323 1109 5385 agnosceret,
1465 5280 1503 5338 Μ
1523 5279 1682 5340 mum·

281 5403 412 5478 velquid
424 5402 456 5460 in
482 5401 637 5476 preteritis
655 5398 759 5472 liguris
777 5399 883 5474 typicis
895 5403 1047 5472 tenuisset,
1061 5405 1110 5462 rel
1198 5404 1992 5479 Aitomasummntptcncunautempusrpropneu

282 5489 356 5560 quid
367 5490 398 5547 in
411 5493 534 5549 osbnsa
546 5487 602 5546 sibi
618 5487 756 5547 novitatis
770 5488 865 5561 gretia
876 5495 1044 5563 appareret.
1057 5492 1108 5550 His
1161 5493 1301 5553 altissimi
1309 5493 1465 5554 vocaberis
1479 5511 1487 5552 :
1500 5494 1615 5568 presbis
1628 5495 1710 5553 enim
1719 5499 1791 5553 ante
1806 5493 1918 5553 taciem
1931 5493 1991 5549 Do-
