4117 6175
98 197 172 253 tuat

136 319 313 390 signantem
324 319 436 391 locum,
451 336 544 394 quem
558 325 592 379 ut
604 321 686 380 idam
700 320 848 396 pupugit,

136 408 220 465 Elicit
232 407 347 466 undam
361 407 535 468 ailinantcm
546 409 577 466 iu
590 409 725 466 flurium.

172 498 238 555 llmc
253 495 338 554 lama
355 503 479 556 cunctus
492 513 668 574 pergyrum
686 495 858 572 provincias

138 585 312 661 Complens,
328 591 398 644 tuuc
416 587 521 660 plebes
537 587 578 644 ad
598 586 782 645 credendum
799 582 928 643 excitat:

139 676 212 742 outa
222 675 417 744 confluentes,
429 679 568 751 suscepto
580 675 772 750 baptismata,

137 763 270 837 Cupiunt
283 780 424 823 normam
434 764 505 823 lldai
516 764 685 834 catholiam

140 853 280 912 condunt
290 858 319 912 at
329 853 410 912 aedas
418 854 646 928 quindecennas
658 851 831 929 quinquies.

176 940 221 1000 Ob
239 941 298 999 boo
310 946 460 1002 crescente
473 944 585 1002 smus
595 943 716 1010 invidie,

138 1028 292 1089 Profunda
304 1031 381 1090 mari
400 1032 545 1106 mergitur
561 1049 632 1090 aum
644 1031 789 1100 anchore,

140 1117 185 1178 lbi
197 1117 342 1178 humatur
353 1119 533 1194 sepulchrali
546 1137 675 1188 camara,

143 1209 251 1283 Inque
267 1215 406 1282 recaptus
421 1214 502 1269 extat
519 1226 601 1269 nunc
612 1209 754 1280 Ecclesia,

142 1295 197 1355 Ubi
209 1296 313 1354 fideles
323 1297 480 1357 confluunt
492 1315 547 1374 per
562 1299 683 1359 smaula.

177 1385 234 1454 Qui
249 1402 339 1444 cursu
349 1387 421 1446 anni
435 1392 528 1446 tectus
543 1405 625 1465 aqua
637 1388 738 1447 valida

141 1473 208 1532 Alto
218 1474 249 1531 in
266 1475 343 1534 mari
354 1475 462 1534 subtus
474 1477 572 1535 undas
585 1477 699 1536 latitat:

139 1562 231 1635 Cuius
242 1579 398 1622 recurrens
411 1581 515 1624 annua
526 1565 679 1637 lastidtas,

140 1653 293 1710 llacedens
302 1669 388 1712 mare
399 1653 461 1712 lare
473 1655 532 1714 tria
542 1654 692 1723 milliaria,

138 1740 193 1799 Per
205 1748 320 1815 septem
332 1742 398 1801 dics
414 1744 480 1803 vias
491 1744 606 1818 prebet
618 1743 759 1816 lulgidas.

175 1830 268 1903 Cuius
285 1830 475 1906 sepulchrum
489 1832 570 1891 velut
583 1849 693 1893 aurum
706 1830 817 1903 rutilm,

140 1919 281 1978 Ancbcre
294 1919 363 1978 cclii
379 1927 412 1979 ut
425 1927 584 1993 argentum
596 1921 723 1982 amicat:

140 2007 229 2066 Fiunt
243 2009 366 2070 suiuus
379 2026 433 2084 par
443 2011 550 2072 lideles
561 2012 669 2087 petitas

141 2098 273 2170 Agentes
283 2099 344 2158 Deo
355 2101 468 2175 gratias
482 2101 695 2170 multimodas;

143 2186 200 2254 Qui
214 2193 337 2261 praestat
355 2191 471 2249 Sanoua
480 2196 564 2250 tanta
575 2191 738 2250 mirabilia.

178 2278 216 2333 Te
230 2293 312 2352 ergo,
326 2279 461 2338 Clemens
473 2287 588 2357 martyr
605 2283 695 2351 alme,
710 2280 863 2356 supplicas

140 2367 253 2438 agonis
267 2367 310 2426 tui
325 2368 512 2431 celebrantes
526 2371 649 2443 gaudia,

141 2457 179 2514 Ta
193 2454 340 2517 hodierno
353 2461 507 2535 poscimus
520 2475 590 2518 cum
603 2461 733 2528 fletibus,

142 2545 179 2603 tlt
192 2546 250 2603 reis
263 2547 347 2605 adsis
362 2569 371 2606 ι
386 2563 543 2608 succurras
553 2548 745 2621 labentibus3

141 2637 185 2690 Aa
195 2649 248 2708 per
260 2638 288 2694 la
302 2636 399 2712 culpae
413 2653 573 2696 amamus
586 2639 720 2699 cumula.

180 2724 324 2799 Exemplo
341 2731 393 2785 tuo
406 2729 485 2785 versi
498 2745 518 2785 ιι
527 2727 690 2802 pejoribus,

145 2813 192 2869 tld
211 2814 334 2873 meliora
348 2815 549 2874 adtendamus
558 2818 678 2891 iugiter,

151 2902 270 2976 Optima
281 2903 460 2974 ambientes,
474 2911 504 2964 et
517 2921 575 2964 nos
587 2905 720 2978 dignius,

145 2993 283 3051 lancata
296 2994 363 3051 vitas
374 3009 540 3062 servemus,
555 2994 670 3053 lcbcius

145 3081 181 3137 Ul
196 3089 263 3155 post
277 3083 453 3142 Sanctorum
467 3084 639 3143 adunemur
651 3085 792 3144 cratibus.

180 3179 281 3245 ipsum
296 3188 437 3245 rogamus
455 3176 584 3233 Verbum
599 3175 694 3234 Patris
709 3174 845 3243 Unicum,

145 3262 180 3318 tu
194 3261 387 3321 obsecremus
402 3263 577 3338 almumque
587 3265 751 3337 Spiritum:

147 3351 183 3407 Ut
193 3351 298 3408 mundi
311 3350 416 3426 procul
427 3352 543 3411 aulerat
550 3352 728 3425 jactantiam
745 3369 752 3408 ι

145 3439 295 3498 Virtutum
304 3442 393 3501 nobis
410 3441 502 3501 donet
516 3442 735 3501 abundantiam
750 3457 757 3499 ι

144 3529 200 3586 Per
217 3544 309 3602 quem
324 3537 467 3589 aeternam
481 3531 649 3591 babeamus
663 3531 800 3605 glorium.

183 3616 307 3685 Praesta,
323 3635 512 3694 quesumus,
527 3622 610 3680 unita
623 3621 767 3696 potentia,

145 3706 334 3780 ltaplensque
345 3708 426 3780 globi
448 3713 589 3769 cunctam
603 3709 685 3768 solus
699 3710 881 3781 machinam,

146 3793 256 3854 virtute
267 3798 404 3866 murcos,
419 3800 527 3873 ingens
540 3799 645 3858 adesto
658 3799 754 3873 gloria

144 3885 275 3953 AEterna,
288 3887 375 3960 cujus
389 3887 466 3956 lans,
482 3894 511 3946 et
523 3888 692 3958 clamantia,

150 3972 185 4029 lit
195 3973 292 4033 bonor
304 3976 396 4051 jugis,
411 3977 524 4037 ailatim
538 3993 592 4053 per
607 3978 727 4035 secula.

253 4069 360 4125 Amen.

147 4156 341 4231 supplicatio.
358 4156 483 4215 oremus
495 4155 735 4231 Redemptoram,
748 4161 783 4213 at
796 4171 899 4229 supra.

150 4245 499 4319 capitalaomnipctens
509 4245 937 4319 nenaqoibeatissimumcle·

112 4336 612 4409 mentemepiscopum,etmartyrem
620 4332 939 4411 passionum[cccxxtx]

113 4426 255 4491 stinrulis,
266 4424 545 4497 quasimiuantium
559 4421 705 4481 fluctuum
721 4424 862 4492 cumulis,
873 4440 940 4497 pro·

111 4513 192 4584 bari,
204 4528 265 4567 non
279 4511 378 4581 obrui,
392 4512 551 4585 permisisti
570 4528 578 4569 :
594 4528 665 4569 eum
678 4512 872 4571 dimicantem
885 4528 941 4570 nac

111 4618 207 4679 poena
216 4608 439 4674 superaret,nec
448 4600 938 4676 immersumundasupprimeret:

114 4692 189 4764 quia
204 4690 231 4746 ei
246 4696 274 4745 at
289 4689 346 4746 illic
370 4688 503 4755 adluisti,
519 4706 557 4747 na
568 4690 751 4748 cruciatibus
763 4692 939 4764 uinceretur,

114 4788 146 4838 ct
164 4778 215 4837 luc
231 4777 403 4851 prestitisti,
419 4784 566 4836 utcontra
578 4784 718 4837 naturam
728 4778 944 4853 lluctibuspor·

115 4874 232 4927 tan-tur
250 4883 257 4923 ι
271 4864 419 4925 iliraculis
432 4866 618 4925 tantislideru
629 4868 771 4925 omnibus
781 4873 901 4941 praesta,
913 4871 946 4925 ul

114 4957 199 5033 quod
214 4954 462 5014 acclamantibus
471 4954 662 5013 devousstms
671 4954 811 5028 creditur,
821 4956 945 5014 creden·

115 5046 203 5105 tibus
217 5043 439 5119 impensissime
453 5044 630 5103 conferatur.

154 5134 241 5192 Pater
254 5140 367 5192 noster.
383 5133 509 5193 Liberali
523 5151 543 5193 a
556 5132 647 5193 malo.
659 5134 716 5208 sol.
730 5137 758 5190 Ρ.

153 5220 469 5280 Penautcuochrtstos
475 5223 676 5297 Dominus,qui
682 5222 880 5282 beatissimum
886 5224 948 5283 Cle·

116 5320 250 5369 mentem
261 5314 449 5386 episcopum,
465 5329 520 5369 nec
532 5313 661 5372 infixum
674 5316 703 5370 in
714 5315 783 5372 limo
792 5312 946 5388 profundi,

113 5415 173 5458 nec
189 5402 376 5460 marinorum
387 5400 536 5460 fluctuum
542 5401 611 5462 lecit
617 5402 684 5475 lege
694 5404 786 5463 teneri
799 5416 806 5459 τ
817 5403 882 5478 lpse
894 5420 947 5463 ros

115 5505 137 5548 a
148 5490 257 5550 vestris
267 5506 398 5550 amnone
411 5488 574 5565 voluptatis
590 5491 697 5567 eripiat
713 5492 947 5554 collusionibus.

229 5577 354 5639 Panos.
373 5578 521 5639 Lxxxtt.

620 193 869 256 matonam.
891 219 926 238 ··
938 188 1054 250 ruste
1072 185 1290 253 novuuuats.

1738 197 1808 257 isos

943 317 966 373 ti
982 325 1016 387 rs.
1033 316 1139 374 Amen.
1156 319 1190 375 tat
1200 317 1253 392 qui
1264 317 1297 374 in
1311 315 1499 375 altitudinem
1511 315 1604 376 maris
1618 322 1810 393 corpusllar·

983 403 1058 476 tyris
1073 406 1204 480 scopulis
1221 421 1283 464 noa
1305 405 1440 480 permisit
1459 407 1561 474 maeri,
1581 421 1601 464 a
1623 407 1737 466 cunctis
1752 423 1809 466 uas

983 494 1196 552 tentationibus
1204 494 1318 564 liberet,
1330 499 1385 552 eta
1399 495 1550 568 profundo
1562 495 1744 568 flagitiorum
1758 496 1811 556 ari·

982 580 1062 654 piat;
1078 594 1110 653 tp.
1124 589 1230 643 umen.
1245 583 1280 642 [lt
1298 583 1406 642 eodem
1418 584 1635 658 patrocinante,
1656 586 1811 660 pervenire

982 684 1038 726 vos
1053 669 1144 730 iaciat
1157 672 1197 730 ad
1212 670 1324 748 gaudia
1339 671 1464 729 infinita.
1481 682 1514 744 tp.
1527 678 1631 731 nmen.

1020 761 1073 818 Per
1086 760 1336 821 misericordiam.

1022 849 1136 909 music.
1152 849 1367 910 concluserunt
1380 865 1430 909 me
1448 864 1536 927 aqum
1549 851 1581 910 in
1594 853 1695 912 medlo
1710 854 1787 914 mari
1802 869 1810 912 ι

984 945 1015 1002 et
1027 939 1350 1014 tempestasdsmerstt,
1371 941 1506 1000 Alleluia.
1522 944 1552 1000 P.
1575 942 1709 1002 Clamant
1732 943 1772 1002 ad
1786 949 1814 1004 te

985 1028 1113 1090 Domine
1130 1046 1138 1086 ι
1158 1033 1188 1087 al
1202 1028 1316 1088 sanasti
1329 1045 1389 1088 ms.
1403 1030 1536 1104 alleluia,
1550 1030 1681 1090 alleluia.
1704 1033 1736 1096 Ρ.
1750 1033 1813 1106 liga

984 1117 1231 1177 ostemationem
1242 1117 1392 1176 maamad
1408 1119 1583 1177 tallomlne:
1595 1124 1715 1194 tempus
1724 1121 1815 1180 bene-

986 1207 1088 1282 placiti
1103 1209 1189 1266 Deus.
1205 1207 1235 1264 P.
1262 1205 1406 1265 clamari.
1418 1205 1450 1270 Ρ.
1473 1206 1581 1274 Gloria,
1605 1213 1634 1267 st
1647 1209 1753 1268 bonor.
1778 1210 1812 1270 P.

986 1296 1127 1356 diamari.

1021 1385 1134 1444 Oratio.
1149 1384 1237 1451 usus,
1256 1384 1309 1459 qul
1332 1390 1542 1445 consecratum
1563 1387 1616 1446 tibi
1630 1401 1740 1463 corpus
1754 1390 1814 1448 Cle·

984 1473 1814 1552 mentismartyrisiuflxuminlimoprolundiadsuperos

984 1563 1140 1632 revocasti,
1152 1563 1430 1638 utcujusmenstibl
1441 1567 1816 1640 placitudeaotioneinboe·

947 1659 969 1716 n
986 1658 1075 1720 serat,
1085 1653 1152 1727 eius
1164 1652 1282 1726 corpori
1293 1654 1412 1712 marina
1422 1654 1640 1712 famularentur
1649 1656 1814 1730 obsequia;

986 1746 1207 1816 tequmsumus,
1217 1744 1563 1814 lerogamus,utmeritis
1573 1744 1665 1818 hujus
1681 1744 1815 1819 llartyris

985 1830 1070 1890 nulla
1083 1847 1140 1890 nos
1161 1830 1360 1890 mutationum
1386 1848 1467 1907 equa
1479 1833 1604 1907 operiat,
1627 1833 1709 1891 nulla
1724 1835 1815 1892 etiam

985 1919 1816 1995 tempestascriminuminpeccatorumprolundodemer·

986 2014 1039 2082 gat
1053 2009 1107 2069 sad
1118 2010 1179 2068 leni
1192 2025 1304 2068 manus
1314 2011 1504 2083 tuoeramigio
1516 2013 1680 2079 sustentati,
1695 2012 1735 2072 ad
1744 2013 1815 2070 litus
1831 2073 1832 2078 .

986 2113 1159 2158 mereamur
1172 2099 1327 2171 peruenire
1338 2100 1459 2173 iustitiae
1479 2101 1574 2160 liberi.
1590 2113 1623 2175 p.
1639 2106 1744 2160 Amen.

1023 2189 1080 2248 Per
1094 2188 1348 2248 misericordiam.

1279 2278 1326 2335 Ad
1339 2277 1527 2338 llatutiuum.

1022 2365 1209 2441 Antiphaten.
1219 2369 1310 2428 babis
1323 2383 1401 2426 mss.
1414 2369 1551 2427 Pantanus
1563 2385 1587 2426 ι.
1605 2367 1719 2430 Oratio.
1733 2370 1819 2430 Exul·

987 2461 1053 2516 taut
1067 2457 1203 2516 Domine.
1222 2458 1278 2529 sol.
1294 2472 1396 2514 ccxxx.
1411 2457 1720 2529 scireburnensem
1736 2477 1816 2533 sum,

987 2552 1021 2604 at
1039 2546 1141 2617 Supra
1151 2547 1183 2602 in
1203 2545 1336 2615 Vespero
1347 2545 1596 2616 precedentibus.
1613 2546 1725 2606 Oratio.
1740 2551 1817 2607 Deus

987 2634 1041 2708 qui
1059 2638 1267 2692 consecratum
1281 2632 1343 2701 tibi,
1359 2639 1392 2690 ut
1415 2633 1465 2692 bic
1475 2641 1576 2707 supra.

1023 2721 1203 2793 Aulipbnuu.
1221 2720 1339 2792 Emitte,
1365 2721 1500 2789 Domine,
1529 2739 1654 2782 manum
1681 2729 1764 2784 tuam
1779 2726 1817 2784 de

988 2809 1059 2875 alto,
1082 2809 1233 2883 eripama,
1247 2811 1278 2867 P.
1295 2808 1330 2866 Et
1344 2809 1438 2868 libera
1460 2825 1510 2868 mc
1534 2811 1572 2870 de
1596 2813 1816 2886 aquismultis;

988 2901 1019 2957 et
1028 2899 1067 2955 de
1081 2915 1176 2956 manu
1189 2897 1321 2957 liliorum
1337 2899 1515 2958 alienorum.
1526 2901 1560 2964 Ρ.
1576 2903 1749 2962 Benedictus
1762 2907 1818 2962 llo·

953 3012 976 3072 0
991 2987 1092 3046 minus
1106 2990 1183 3046 Deus
1197 3004 1293 3058 mens,
1311 2988 1364 3062 qui
1377 2987 1465 3047 dccet
1479 2993 1636 3049 manased
1650 2991 1773 3067 bellum,
1789 2999 1818 3051 at

990 3075 1100 3151 digitos
1115 3092 1199 3136 meos
1222 3077 1263 3135 ad
1281 3076 1430 3151 pralium.
1449 3079 1481 3139 P.
1497 3078 1690 3144 attineret.
1707 3079 1815 3157 Gloria,

991 3170 1021 3226 at
1037 3167 1145 3246 bopor.
1158 3168 1189 3225 P.
1204 3169 1247 3226 Et.

1027 3257 1141 3317 Oratio.
1163 3259 1298 3327 Domine,
1327 3260 1379 3335 qui
1399 3258 1608 3319 beatissimum
1637 3261 1818 3323 clementem

991 3354 1157 3421 martyrem
1173 3350 1259 3406 tuum
1282 3349 1320 3406 da
1342 3349 1548 3422 malignorum
1573 3350 1819 3411 consilioliberus

990 3450 1100 3494 eruens
1113 3434 1198 3493 illum
1212 3435 1250 3493 da
1259 3437 1456 3511 aquismultrs
1468 3454 1475 3506 ;
1486 3443 1516 3496 et
1529 3440 1673 3498 uiatorem
1688 3440 1820 3499 alliciens

990 3523 1023 3583 in
1036 3524 1229 3599 passionibus
1238 3526 1385 3583 universis
1399 3542 1407 3583 s
1421 3526 1515 3587 libers
1526 3545 1581 3588 nos
1593 3528 1631 3587 da
1643 3544 1736 3587 manu
1749 3530 1821 3589 lilio·

991 3630 1060 3674 rum
1073 3612 1240 3673 alienorum
1252 3634 1260 3687 ;
1274 3622 1306 3674 ut
1315 3616 1526 3676 insidiantibus
1539 3618 1668 3677 inimicis
1680 3620 1740 3678 vitu
1754 3634 1822 3677 uos·

991 3710 1038 3763 tra
1051 3702 1189 3763 laedenda
1210 3720 1273 3764 non
1296 3712 1423 3781 pateat:
1445 3722 1501 3764 neo
1522 3708 1640 3766 illorum
1660 3709 1822 3782 proceritas

991 3808 1074 3853 saeva
1087 3792 1126 3851 de
1141 3794 1237 3852 ruinae
1251 3803 1361 3853 nostre
1371 3792 1489 3853 casibus
1501 3796 1680 3855 hilarescat:
1696 3796 1749 3855 sed
1761 3797 1822 3869 gla-

990 3882 1044 3942 dio
1058 3881 1141 3941 verbi
1157 3882 1199 3940 tui
1216 3883 1351 3952 accincti,
1365 3891 1394 3944 at
1405 3885 1454 3943 bie
1463 3884 1773 3959 adverscsuperemus
1782 3886 1824 3963 in,

991 3972 1109 4048 trepidi,
1135 3976 1247 4047 etpost
1270 3973 1310 4033 ad
1326 3979 1353 4033 te
1369 3988 1541 4032 mereamur
1554 3974 1707 4049 pervenire
1718 3974 1824 4065 inlesi,

992 4066 1023 4122 et
1039 4063 1129 4121 beati.
1144 4075 1178 4137 tp.
1195 4070 1301 4124 aman.

1028 4152 1084 4211 Per
1095 4152 1345 4213 misericordiam.

1027 4244 1209 4316 antiplona.
1235 4246 1342 4302 Beatus
1368 4242 1471 4312 homo,
1495 4244 1547 4321 qul
1572 4258 1657 4322 spem
1675 4245 1768 4307 babel
1794 4248 1826 4307 in

995 4330 1090 4389 Deum
1106 4348 1114 4388 :
1130 4333 1185 4391 erit
1200 4333 1464 4393 baminusliducia
1479 4336 1553 4409 ejus.
1569 4336 1601 4392 P.
1617 4336 1826 4410 OssaeJusllc·

994 4421 1104 4480 rebunt
1117 4422 1208 4497 quasi
1226 4422 1353 4495 lignum,
1379 4428 1461 4497 quod
1487 4427 1655 4498 plantatum
1678 4432 1827 4500 estsuper

996 4526 1103 4585 aquas,
1125 4508 1158 4573 Ρ.
1173 4510 1260 4577 Quod
1274 4512 1403 4568 fructum
1424 4528 1512 4570 suum
1535 4514 1621 4573 dabit
1640 4517 1670 4572 iu
1692 4520 1826 4587 tempore

997 4615 1054 4657 suo
1067 4614 1074 4656 ι
1089 4599 1232 4656 ellolium
1246 4600 1507 4672 ajusnondelluet,
1517 4612 1546 4661 at
1559 4603 1662 4660 omnia
1673 4616 1827 4675 quaecum·

997 4703 1058 4762 qua
1072 4686 1172 4744 fecerit
1186 4689 1453 4762 prosperabuntur.
1476 4690 1506 4746 P.
1524 4693 1598 4749 Ossa
1612 4694 1685 4763 ejus.
1707 4688 1739 4751 Ρ.
1762 4688 1827 4747 Gla·

997 4778 1053 4845 ria,
1070 4782 1099 4834 et
1112 4776 1218 4835 bonor.
1235 4777 1268 4834 P.
1284 4778 1443 4854 OssaeJ'ns.

1036 4866 1826 4942 OrottollomineDeus,quibeatisslmumclamentem

999 4956 1137 5029 martyrii
1144 4972 1257 5015 corona
1265 4957 1425 5024 decorasti,
1435 4962 1468 5014 ut
1477 4956 1761 5015 sanctificatusinter
1769 4956 1830 5016 col·

1000 5044 1096 5117 legas,
1118 5051 1279 5105 coronatus
1300 5046 1378 5104 iuter
1396 5044 1547 5103 caelicolas
1571 5043 1779 5120 praefulgeret:
1793 5046 1831 5103 sit

1001 5150 1093 5201 nunc,
1105 5142 1131 5193 te
1146 5140 1307 5204 annuente,
1323 5134 1475 5210 plebitum
1493 5135 1660 5210 precipuus
1673 5137 1828 5203 Patronus,

1002 5224 1055 5299 qui
1069 5239 1196 5295 magnus
1212 5225 1306 5283 extitit
1320 5226 1350 5282 in
1365 5224 1464 5282 electi.-
1475 5241 1483 5281 :
1494 5229 1535 5291 ut,
1548 5224 1621 5297 quia
1632 5240 1692 5283 non
1703 5225 1833 5299 sperarit

1002 5313 1033 5370 lu
1047 5313 1178 5381 bomine,
1192 5314 1246 5371 sed
1257 5320 1283 5371 te
1291 5315 1393 5388 posuit
1402 5314 1433 5371 in
1444 5313 1637 5385 adjutorium,
1650 5314 1715 5386 ejus
1727 5312 1832 5371 salira·

1003 5402 1278 5479 giclirmeturspes
1300 5408 1389 5462 aucte
1410 5402 1606 5463 credentium.
1621 5414 1654 5475 ra.
1672 5406 1776 5461 Amen.

1039 5482 1093 5552 Par
1105 5492 1352 5555 misericordiam.
