4117 6175
135 268 192 329 ιω
722 270 898 331 ponthieu
916 269 954 329 lll
974 271 1284 343 bernacensem.
1788 286 1841 349 lid

135 395 217 453 Deus
227 394 339 452 noster.
347 391 487 467 Dixitque
497 396 588 455 iosus
601 397 640 457 ad
650 398 816 473 populum:
833 399 899 457 tion
911 397 1002 472 pol
1019 400 1092 473 tera,
1108 403 1210 476 virtus,
1224 404 1379 479 sapientia,
1399 406 1536 481 placatus
1550 409 1590 471 da
1602 424 1734 471 veniam.
1748 410 1781 469 P.
1795 413 1839 473 lu

135 483 231 543 teritis
246 480 355 539 servire
368 482 498 542 Domino
513 500 519 541 :
533 486 678 545 Dominus
692 488 774 546 enim
785 490 918 559 saneim,
936 490 966 545 et
1019 487 1140 561 Christe,
1157 492 1356 555 miserescit.
1372 495 1606 571 Gemitusnh
1635 499 1772 558 omnium
1796 504 1839 560 at·

134 570 483 639 sortisetcmulutoreet,
492 576 965 647 nesignoscetscsleribnsnostris
1018 576 1116 643 tende,
1127 578 1262 638 Domine:
1273 596 1342 655 quas
1351 583 1480 657 petimus
1491 584 1595 642 tribue.
1608 585 1641 643 P.
1654 586 1698 645 'lu
1714 587 1838 655 Christe,

135 666 227 735 atque
239 660 380 734 peccatis.
389 660 420 717 Si
434 661 603 721 dimiseritis
615 680 672 738 pro
685 665 744 723 diis
760 664 874 738 alienis,
893 680 964 722 con·
1017 664 1168 724 miserere.
1180 668 1210 731 l.
1223 672 1281 727 Nos
1293 671 1493 744 peccavimus,
1521 688 1577 730 nos
1590 672 1692 747 inique
1711 676 1837 748 egimus,

134 753 281 815 nemetes,
294 748 407 820 affliget
427 766 482 807 vos
511 756 602 827 etque
630 754 779 812 subvertet
801 758 964 827 postquam
1017 768 1074 811 nos
1087 754 1179 828 impie
1201 760 1361 830 gessimus.
1377 762 1416 819 P.
1430 763 1473 819 Tu
1500 762 1621 829 Christe,
1650 762 1838 826 misererer

133 838 223 896 vobis
233 838 403 911 praestiterit
412 838 508 899 dona.
525 840 665 915 Dixitque
678 843 830 917 populus:
850 846 965 917 Neque·
1017 842 1123 910 Vitam,
1138 846 1292 905 streniam
1307 848 1389 906 dona
1413 850 1559 923 propitius
1578 854 1627 909 :et
1637 866 1727 925 parce
1741 852 1837 924 poeni-

133 942 228 1001 quam
247 926 291 984 ita
303 930 338 983 ut
350 924 490 1000 loqueris,
500 928 565 995 erit,
577 930 631 988 sed
639 930 770 989 Domino
780 932 959 989 serviemus.
1016 930 1213 993 tentibus.P.
1231 938 1274 993 'lu
1286 934 1408 1003 Christe,
1419 937 1566 995 llissrere.

132 1018 169 1072 lit
181 1015 274 1073 iosus
285 1012 326 1072 ad
337 1014 496 1088 populum,
507 1019 616 1087 Testes,
630 1018 965 1094 inquit‚vosestis,quia
1051 1021 1198 1093 Hymnus.
1210 1025 1231 1081 0
1245 1026 1404 1094 Νιιιιιιιι,
1416 1025 1477 1083 lux.
1501 1027 1693 1099 lleqm'resct.
1705 1043 1801 1087 crurv.

131 1103 193 1177 ipsi
209 1102 298 1161 vobis
312 1101 458 1174 elegeritis
472 1106 636 1164 Dominum
649 1111 683 1165 ut
701 1108 835 1166 semistis
848 1108 964 1166 sittes-
1053 1108 1165 1167 Oratio.
1189 1114 1333 1169 llemento
1348 1114 1586 1186 congregationis
1605 1117 1675 1171 tue
1699 1116 1835 1183 Domine,

130 1191 380 1265 ponderumque:
395 1190 598 1251 Testesltune
609 1209 693 1266 ergo,
702 1197 753 1265 ait,
769 1195 883 1253 auferte
890 1195 963 1254 deos
1016 1210 1107 1267 qnam
1116 1198 1360 1257 creastiabinitio
1374 1215 1381 1257 :
1394 1204 1425 1258 tu
1434 1200 1569 1271 Domine,
1581 1200 1632 1274 qui
1642 1216 1705 1259 uon
1714 1201 1836 1259 oblivis·

130 1279 251 1337 alienos
261 1279 303 1336 de
315 1278 417 1337 medio
430 1284 574 1351 vestrum,
589 1288 619 1341 et
637 1283 781 1341 inclinate
792 1284 885 1342 eorda
899 1300 962 1341 res·
1015 1284 1091 1340 ceris
1106 1284 1252 1353 Ecclesire,
1278 1302 1403 1359 qnama
1434 1288 1543 1345 saeculo
1564 1288 1782 1361 predestinasti
1806 1288 1838 1346 in

130 1368 226 1427 traed
237 1368 401 1425 Dominum
410 1369 506 1426 Deum
521 1370 622 1429 Israel.
629 1371 766 1447 Dixitque
777 1372 909 1447 populus
922 1372 963 1430 ad
1016 1370 1131 1429 Christo
1148 1386 1154 1427 :
1170 1376 1257 1445 atque
1267 1375 1308 1430 cd
1318 1379 1529 1434 tenimentum
1539 1379 1635 1447 tuum,
1648 1392 1764 1434 memor
1777 1383 1837 1435 turs

131 1456 384 1514 iosuerDomino
396 1459 459 1514 Deo
471 1459 635 1517 serviemus
644 1460 818 1519 obedientes
827 1477 961 1537 precep-
1013 1460 1362 1535 misericordiamque
1374 1480 1382 1521 ι
1395 1467 1424 1521 et
1436 1464 1652 1537 promiseanos
1676 1464 1788 1537 Jugiter
1805 1464 1839 1522 li-

128 1546 168 1603 tis
178 1547 259 1617 eius.
273 1546 423 1603 Percussit
434 1545 526 1619 igitur
535 1548 627 1606 iosus
645 1550 677 1607 in
691 1548 740 1607 die
750 1549 802 1607 illo
811 1549 921 1617 ioedue,
930 1554 961 1609 et
1012 1546 1127 1607 bertete
1137 1550 1342 1624 complectere.

130 1634 234 1708 posuit
248 1633 363 1707 populo
381 1640 532 1709 precepta
543 1639 634 1710 atque
651 1637 767 1709 iudicia
778 1638 810 1695 in
831 1638 960 1697 Sicbem.
1051 1636 1256 1697 Pateruoster.

133 1723 433 1797 Scripsitqueomnie
451 1724 545 1782 verba
567 1725 633 1783 herc
655 1726 688 1783 in
707 1725 859 1784 volumine
887 1726 1001 1799 legisn
1334 1728 1517 1787 desectam.

131 1812 186 1868 Dei
200 1814 250 1868 :et
262 1810 329 1869 trdit
335 1810 630 1884 lepidemgrandem,
641 1815 801 1888 posuitque
810 1829 881 1872 enm
893 1814 962 1871 sub
1084 1812 1183 1869 Lectio
1193 1813 1267 1870 iibri
1278 1814 1413 1873 Danielis
1439 1815 1591 1887 Prophetes
1604 1815 1686 1889 (Gap.
1702 1818 1761 1889 ru).

132 1903 425 1972 terquercum,quoe
443 1900 551 1957 eratin
582 1902 753 1959 sanctuario
780 1902 898 1960 Domini
913 1906 962 1960 :et
1050 1909 1084 1971 tp.
1101 1900 1291 1971 Deogratins.

129 1986 209 2044 dixit
224 1985 263 2044 sd
280 1988 556 2061 omnempopulum
572 1992 630 2046 :Du
644 1990 723 2065 lapis
737 1991 795 2048 iste
808 1990 863 2049 erit
873 1991 962 2049 robis
1050 1986 1223 2046 Benedictus
1234 2004 1266 2046 es
1276 1990 1401 2049 Domine
1416 1992 1493 2049 Deus
1505 1995 1838 2065 patrumnostrorum,et

129 2074 164 2132 in
177 2075 396 2147 testimoninm,
409 2077 495 2149 quod
510 2078 663 2136 audieritis
675 2081 781 2137 omnia
805 2080 959 2137 rerbaDo-
1013 2074 1214 2145 laudabilem
1227 2077 1390 2149 gloriosum
1413 2092 1524 2137 nomen
1550 2082 1637 2137 tuum
1656 2080 1688 2136 in
1710 2078 1837 2136 sessula:

126 2163 214 2231 mini,
234 2179 305 2237 quer
319 2163 438 2221 locutus
449 2169 494 2223 est
505 2166 593 2223 vobis
608 2183 616 2224 ι
631 2182 671 2224 ne
683 2167 759 2225 torte
783 2171 892 2242 postea
910 2182 962 2225 ne·
1013 2164 1419 2238 quiejustusesinomnibus
1429 2183 1497 2241 quea
1515 2166 1610 2225 iecisti
1621 2167 1718 2235 nobis,
1734 2166 1838 2225 etuni-

126 2266 202 2323 gare
215 2252 326 2322 velitis,
339 2256 368 2310 et
384 2254 502 2311 mentiri
511 2255 640 2313 Domino
649 2258 710 2313 Dec
718 2259 826 2315 restro.
837 2256 961 2314 Dimisit·
1016 2268 1102 2313 verse
1115 2268 1207 2328 opera
1219 2259 1270 2313 tua
1282 2270 1364 2328 vere,
1377 2260 1406 2314 et
1419 2257 1474 2313 vies
1484 2262 1544 2315 ture
1565 2260 1663 2323 rsotee,
1691 2260 1721 2314 et
1734 2255 1838 2315 omnia

125 2355 188 2413 que
194 2338 535 2413 populum,sinqulosin
542 2343 746 2415 possessiones
753 2358 834 2402 sues.
843 2344 879 2401 ιιι
893 2348 962 2418 post
1012 2342 1279 2415 Judieietnarera.
1294 2344 1412 2403 iudicis
1419 2344 1500 2403 enim
1511 2344 1838 2417 veraiecistijuxtaom·

125 2430 193 2487 beec
205 2436 345 2487 mortuus
362 2433 407 2488 est
418 2428 511 2490 iosue
538 2430 620 2489 tilius
644 2435 711 2491 Nun
732 2448 837 2490 servm
862 2433 962 2491 Domi.
1013 2430 1067 2489 nia
1080 2448 1148 2506 ques
1166 2432 1311 2490 induxisti
1334 2448 1425 2507 super
1443 2448 1499 2492 uos
1520 2436 1549 2494 et
1571 2448 1662 2509 super
1686 2433 1837 2491 civitatem

124 2518 300 2585 picentum
324 2522 354 2576 et
378 2518 485 2576 decem
518 2532 690 2577 annorum:
716 2519 960 2595 sepelieruntque
1014 2521 1656 2592 sanctampatrumnostrorurnllierusalem:
1671 2522 1838 2596 quisinve·

126 2604 572 2679 eumiuilnibuepossessiouis
581 2607 684 2664 euroin
697 2608 959 2681 Thamaiatb,qnar
1011 2606 1108 2674 ritate,
1123 2610 1153 2663 et
1162 2606 1277 2677 jndicio
1285 2607 1431 2664 induxisti
1443 2609 1546 2667 omnia
1554 2608 1620 2665 brec
1634 2616 1836 2683 propterpsc·

125 2694 271 2753 sitaestin
283 2704 386 2752 monte
396 2694 548 2768 ephraim,
561 2695 601 2752 ad
615 2694 879 2769 septentrionalem
891 2712 959 2770 per·
1011 2697 1079 2753 cate
1085 2700 1199 2753 nostra.
1209 2696 1400 2753 Peccavimus
1409 2694 1500 2761 euim,
1510 2698 1539 2753 et
1547 2696 1649 2768 inique
1660 2696 1777 2766 egimus
1789 2712 1836 2754 rs·

125 2787 189 2841 tem
201 2782 409 2841 montisGaas.
426 2783 612 2857 servivitque
626 2784 715 2841 lsrael
727 2783 854 2842 Domino
869 2798 958 2843 cunc·
1011 2781 1150 2840 sedentes
1163 2798 1183 2839 n
1196 2786 1244 2839 te:
1260 2786 1290 2840 et
1298 2782 1480 2855 deliquimus
1492 2783 1524 2839 in
1539 2781 1683 2839 omnibus
1698 2800 1705 2839 ι
1722 2788 1751 2840 et
1761 2798 1836 2855 pree-

125 2870 281 2929 tisdiebus
295 2870 397 2928 loeus.
414 2875 566 2944 pumen.
1011 2873 1156 2943 reptatus
1163 2870 1412 2937 consumsimus,
1423 2869 1624 2941 necsslecimus,
1641 2869 1837 2944 sieutpraece·

161 2956 370 3029 Antiphonot.
379 2959 460 3015 State
467 2973 558 3032 super
580 2958 654 3027 vias,
670 2956 818 3029 etvidete,
829 2962 858 3015 et
869 2958 958 3017 inler-
1010 2974 1100 3033 perus
1114 2958 1203 3017 nobis
1215 2958 1432 3017 ntbenenobis
1444 2963 1524 3017 essct
1538 2976 1547 3013 ι
1562 2958 1665 3019 omnia
1678 2972 1836 3033 origoque

124 3046 344 3120 menteitinera
357 3046 477 3107 Domini
490 3051 615 3121 esterna,
629 3051 658 3107 et
669 3047 768 3106 ridete
777 3062 849 3122 qua
858 3048 895 3107 sit
907 3049 958 3108 via
971 3074 994 3134 ρ
1011 3047 1155 3106 induxisti
1167 3062 1330 3122 supernos,
1343 3052 1372 3106 et
1386 3048 1535 3122 universa,
1551 3062 1620 3123 que
1633 3047 1727 3107 iecisti
1735 3048 1835 3116 nobis,

126 3137 220 3207 bona,
235 3141 266 3194 et
279 3136 434 3194 ambulate
451 3137 484 3194 in
503 3151 540 3194 ea
557 3153 565 3194 ε
584 3140 614 3194 et
627 3137 782 3195 invenietis
792 3137 957 3197 sanctitica-
1011 3137 1043 3195 in
1056 3151 1127 3196 vero
1133 3136 1247 3210 iudicio
1256 3137 1349 3196 iecisti
1361 3155 1370 3193 ι
1382 3142 1411 3195 et
1420 3137 1566 3196 tradidisti
1573 3153 1629 3196 nos
1638 3137 1671 3195 in
1681 3135 1837 3196 mauuini·

127 3227 241 3284 tionem
249 3223 410 3283 animabus
416 3225 534 3284 vestris.
546 3224 581 3285 ιι.
589 3225 766 3283 Auditebrcc
773 3239 879 3283 omnes
887 3241 958 3298 gen·
1012 3226 1155 3284 micorum
1167 3225 1350 3300 iniquorum,
1371 3229 1400 3283 et
1430 3226 1644 3300 pessimorum,
1658 3225 1836 3298 prsevericc·

128 3317 192 3372 tes:
208 3313 337 3372 auribus
353 3313 506 3388 percipite,
521 3313 575 3386 qui
587 3313 727 3372 habitatis
750 3313 866 3372 orbern.
879 3316 959 3373 Psoi·
1011 3318 1181 3388 torumque,
1197 3318 1226 3371 et
1236 3314 1299 3384 regi
1310 3313 1430 3386 injusto,
1441 3317 1470 3370 et
1481 3313 1612 3386 pessimo
1622 3316 1701 3369 ultra
1714 3327 1835 3370 omnem

127 3417 309 3461 mxcviii.
1011 3405 1525 3474 terramlitnunononpossuurus
1540 3399 1718 3472 aperireos:
1734 3398 1837 3457 eoniu-

162 3491 280 3550 ilrutic.
298 3490 566 3549 Audientsimulte
579 3491 706 3549 Domine
718 3503 826 3549 omnes
836 3493 957 3565 gentes3
1012 3490 1092 3548 sicet
1100 3489 1297 3563 obprobrium
1310 3488 1382 3547 lacti
1396 3502 1501 3545 sumus
1511 3485 1681 3555 servicium,
1691 3485 1835 3560 ethisqui

128 3579 287 3638 etdiveesc
298 3578 585 3653 pauperauremtibi
595 3578 695 3638 cordis
703 3580 956 3638 accommodents
1012 3575 1540 3652 colebantte.Ne,qnoesumus‚tradns
1551 3574 1834 3648 nosinperpetuum

127 3667 230 3742 ibique
244 3668 384 3726 oninium
397 3667 438 3725 ad
448 3667 541 3726 iidem
552 3673 740 3742 preparetur
755 3667 882 3736 auditio,
896 3682 959 3742 quo
1010 3671 1134 3743 propter
1142 3681 1254 3725 nomen
1268 3673 1365 3737 tuum,
1378 3670 1407 3724 et
1432 3679 1471 3722 ne
1484 3665 1611 3739 dissipes
1624 3667 1836 3722 testamentum

128 3755 283 3815 ralrmdis
298 3756 479 3829 promittitur
491 3755 595 3828 grace
615 3754 821 3830 plenitudem.
851 3761 956 3815 Amen.
1011 3760 1097 3814 tuum
1113 3769 1226 3828 :neque
1238 3754 1357 3813 auieras
1367 3753 1599 3812 misericordiam
1622 3751 1836 3810 tuamanobis

161 3845 216 3903 l’er
225 3843 468 3903 misericerdiam
490 3849 586 3904 tuem.
1010 3849 1133 3920 propter
1147 3843 1301 3902 Abrabam
1313 3843 1455 3901 dilectum
1469 3846 1565 3907 tuum,
1580 3845 1700 3899 cilsaac
1715 3855 1837 3899 serrum

161 3933 344 4006 Antiphone
362 3937 389 3991 2.
402 3933 494 3992 Nobis
514 3933 668 3992 adherere
683 3936 744 3991 Deo
760 3933 872 3992 bonum
883 3939 928 3993 est
946 3953 955 3995 t
1010 3942 1107 4002 tuum,
1123 3937 1152 3990 et
1170 3933 1260 3991 lsrael
1270 3935 1407 3990 sanctum
1422 3935 1508 3989 tuum
1522 3947 1528 3986 :
1544 3929 1656 4004 quibus
1670 3931 1790 3988 locutus
1803 3943 1835 3986 es

127 4037 242 4095 ponere
255 4023 422 4080 iuDomiuo
436 4037 523 4096 spem
547 4027 693 4080 nostrum.
714 4022 851 4079 Psutmus
869 4037 955 4081 uxxrr.
1009 4022 1154 4097 pollicens
1168 4021 1252 4095 quod
1263 4020 1478 4094 multiplicares
1505 4034 1607 4077 semen
1633 4034 1737 4077 eorum
1760 4017 1837 4076 sicut

164 4109 377 4168 oreimhobis
383 4109 540 4169 adherere
548 4109 602 4168 tibi
619 4109 882 4178 Dominc‚bonum
888 4114 933 4168 est
947 4129 954 4168 ι
1010 4110 1110 4169 stellas
1122 4109 1195 4176 coeli,
1207 4114 1236 4167 et
1248 4109 1457 4168 sicutsrencm
1471 4123 1540 4181 que
1554 4112 1599 4165 est
1610 4108 1643 4165 in
1656 4108 1751 4166 littore
1772 4120 1837 4164 ma·

130 4197 229 4255 sedtu
240 4198 418 4257 desiderium
431 4198 504 4257 boni
519 4199 563 4257 sio
579 4199 612 4256 in
625 4198 714 4256 nobis
727 4199 903 4265 accumula;
924 4202 958 4257 ut
1008 4200 1050 4258 ris
1059 4217 1067 4256 ι
1076 4199 1148 4273 quie
1155 4198 1279 4256 Domine
1291 4197 1441 4255 imminuti
1447 4212 1553 4254 sumus
1563 4196 1723 4270 plusquam
1734 4211 1837 4253 omnes

126 4299 212 4359 spes,
227 4299 296 4358 quas
308 4301 365 4346 nos
379 4287 431 4345 tibi
443 4287 584 4356 associet,
601 4286 686 4344 nulla
695 4286 766 4344 ildei
780 4286 956 4346 titubatione
1009 4291 1122 4360 gentes,
1139 4302 1303 4360 sumusque
1317 4286 1445 4344 humiles
1454 4286 1486 4343 in
1499 4285 1640 4344 universa
1656 4289 1733 4342 terra
1745 4284 1836 4342 hodie

125 4373 266 4437 vacillet:
282 4377 335 4436 scd
354 4377 506 4437 charitatis
517 4376 674 4436 stabilitate
687 4377 839 4450 perduret.
850 4387 882 4449 p.
970 4417 993 4474 D
1009 4373 1837 4450 propterpeccatnncstralitnonestinhoctemporcprin·

126 4467 235 4522 amen.
1009 4479 1090 4538 ceps,
1106 4478 1204 4538 neque
1214 4463 1369 4538 propheta,
1386 4467 1415 4521 et
1426 4463 1498 4531 dux,
1508 4477 1606 4537 neque
1618 4462 1835 4530 holocaustum,

164 4553 223 4609 Per
234 4552 472 4611 misericordiam
488 4559 583 4612 tuem.
1009 4569 1108 4627 neque
1122 4551 1312 4618 sacrificium,
1322 4565 1419 4626 neque
1427 4550 1549 4618 oblatio,
1558 4566 1658 4624 neque
1667 4551 1833 4614 incensum,

162 4641 342 4712 Antiphone
353 4645 379 4700 3.
392 4643 539 4700 termento
552 4641 792 4714 congregationis
802 4646 871 4708 tue,
900 4642 958 4700 Do·
1009 4641 1204 4716 nequelocns
1219 4641 1417 4714 primitiarum
1440 4653 1543 4697 coram
1569 4643 1606 4706 te,
1621 4641 1655 4695 ut
1683 4635 1836 4710 possimus

125 4729 221 4798 mine,
233 4745 329 4802 quam
343 4731 451 4790 creasti
470 4731 510 4789 ab
529 4731 627 4792 initio.
648 4732 784 4790 emimus
802 4747 901 4789 nuru.
1011 4730 1145 4788 invenire
1157 4727 1393 4785 misericordiam
1408 4743 1415 4781 :
1430 4726 1523 4784 sedin
1549 4725 1652 4784 enimc
1664 4723 1795 4790 concite,
1807 4728 1836 4780 et

163 4828 200 4889 n.
219 4817 380 4887 nisemtm,
410 4822 440 4877 et
457 4819 628 4877 misericors
658 4821 807 4878 Dominus.
834 4819 867 4876 P.
897 4819 956 4879 Pa·
1010 4819 1116 4893 spiritu
1127 4815 1305 4875 humilitatis
1320 4815 1528 4888 suscipiamur.
1545 4813 1627 4873 Sicut
1635 4814 1667 4870 in
1675 4811 1835 4870 holocaus-

124 4905 389 4971 tiens,etmnltnm
402 4906 582 4976 misericors,
593 4912 623 4964 et
642 4907 822 4965 obliviscens
836 4911 956 4978 peccata
1011 4910 1041 4965 to
1053 4905 1194 4974 arietum,
1206 4908 1235 4962 et
1243 4909 1410 4970 taurorum,
1425 4915 1455 4961 et
1467 4903 1541 4960 sicut
1551 4902 1582 4959 iu
1595 4899 1729 4959 millibus
1742 4918 1836 4975 agno·

123 4991 287 5050 bominum
302 5010 311 5050 ι
326 5007 389 5051 non
401 4995 528 5068 posuisti
550 4994 755 5068 poenitentiam
769 4993 871 5051 electis
884 4996 952 5052 tuis.
1010 5010 1080 5052 rum
1091 4993 1249 5069 pinguium
1269 5011 1276 5050 :
1302 4993 1343 5050 sic
1365 4993 1419 5050 fiat
1440 4991 1619 5050 sacrificium
1647 4998 1787 5052 nostrum
1802 4994 1835 5052 iu

123 5079 156 5142 l.
169 5081 413 5155 liccesequimur
425 5084 457 5140 in
469 5087 531 5141 toto
546 5082 743 5142 cordcnostro
758 5081 954 5143 :sttimemus
1011 5087 1175 5156 conspectu
1190 5088 1240 5139 tuo
1250 5081 1351 5150 hodic,
1362 5079 1517 5154 utplaceet
1528 5079 1593 5150 tibi,
1607 5085 1635 5139 et
1645 5081 1833 5156 perficcsub-

122 5173 164 5238 ta,
178 5173 209 5228 st
225 5169 394 5245 querimus
404 5170 513 5230 taciem
534 5176 629 5242 tuem,
650 5185 689 5228 ne
699 5169 868 5229 confundas
889 5187 954 5228 nos.
1011 5173 1170 5245 sequentes
1178 5173 1216 5241 te,
1237 5169 1380 5243 quoniam
1395 5183 1456 5227 nou
1471 5173 1517 5228 esi
1531 5170 1668 5230 contusio
1684 5168 1835 5229 conliden-

120 5257 166 5318 P.
180 5259 311 5332 mecm,
322 5257 501 5320 etmultum.
514 5259 549 5322 ι.
568 5259 678 5331 Gloria,
699 5263 728 5318 et
739 5259 849 5318 honor.
866 5260 959 5320 licite·
1010 5258 1090 5316 tibus
1101 5257 1178 5316 inte.
1189 5259 1223 5313 Et
1233 5271 1314 5313 nunc
1323 5256 1476 5330 sequimur
1487 5262 1516 5317 ts
1529 5258 1561 5317 in
1573 5263 1634 5317 toto
1647 5257 1747 5320 corde,
1759 5257 1787 5311 et
1799 5253 1832 5310 ti·

120 5351 212 5405 retur
224 5357 259 5420 le.
1011 5361 1129 5404 memus
1142 5349 1180 5415 te,
1195 5342 1356 5419 querimus
1369 5344 1475 5405 furiem
1499 5351 1593 5407 tuam.
1610 5347 1650 5403 lte
1665 5339 1834 5401 contundes

156 5433 492 5495 Prteesl’oenitentiam
500 5435 906 5510 agimuspromalisnostris.
919 5437 952 5494 P.
1010 5449 1077 5496 nos.
1090 5446 1123 5508 p.
1150 5433 1255 5491 Amen.

119 5525 165 5582 lu
177 5523 306 5594 Christe,
319 5524 462 5585 miserere
476 5541 483 5582 :
498 5525 699 5602 peccavimus.
712 5525 743 5590 ι,
772 5525 865 5586 Patris
884 5524 956 5584 dex·
1046 5522 1222 5596 saepem
1233 5524 1258 5580 ι.
1272 5522 1485 5584 Οοιιιιιιιιιιιιιιι
1497 5519 1550 5579 tibi
1564 5518 1642 5577 Deus
1659 5536 1667 5576 ι
1683 5515 1835 5578 ccntitsbi·
