4117 6175
110 254 166 310 sss
695 250 1250 327 conlucervcueuaacusrun.
1766 266 1820 325 sse

109 376 308 450 mirititaque
317 376 358 433 ad
368 376 460 451 pedes
469 378 533 451 ejus
545 378 937 451 nsquenoctisabscessnm.
951 374 976 431 Α
994 381 1123 451 runtque
1138 380 1275 438 mulieres
1289 382 1328 439 ad
1343 383 1462 441 Noemi:
1475 384 1651 447 Benedictus
1664 388 1820 462 Dominus,

112 466 306 538 surrexitque
312 467 618 539 antequamhomines
624 484 654 525 se
660 470 874 538 cognoscerent
880 482 939 521 nru-
995 466 1048 538 qui
1060 481 1121 523 non
1137 472 1183 524 est
1195 484 1305 541 passus
1321 473 1353 527 ut
1367 470 1506 530 deficeret
1519 489 1673 535 successor
1700 478 1820 535 familia

109 560 175 620 tuo,
187 559 216 611 et
224 554 300 610 dixit
313 556 389 611 Booz
404 571 410 610 :
428 556 553 612 cavana
573 555 642 629 quis
655 556 769 613 noverit
779 553 864 628 quod
879 555 939 611 huc
994 558 1064 621 tum,
1074 560 1103 612 et
1115 561 1268 614 vocaretur
1281 573 1393 615 nomen
1408 560 1472 631 ejus
1490 560 1522 617 in
1546 563 1644 619 lsrael.
1660 566 1693 621 iit
1707 565 1820 625 habeas

109 642 238 701 veneris.
253 644 287 699 Et
296 658 427 708 rursum,
440 644 593 716 Expende,
604 646 710 718 inquit,
720 643 846 717 pallium
855 647 939 699 tuum
992 643 1046 715 qui
1057 644 1226 702 consoletur
1238 647 1372 704 animem
1386 652 1479 716 tuam,
1500 654 1529 707 et
1541 651 1666 709 enutriet
1685 656 1821 711 senectu-

111 748 176 804 qno
182 732 317 804 operiris,
327 734 356 788 et
363 736 429 788 tene
437 738 564 805 utraque
571 748 670 792 manu.
679 730 936 800 Quaextendente.
991 735 1070 788 tem:
1086 732 1124 787 de
1136 748 1215 789 nuru
1225 734 1305 791 enim
1319 738 1370 793 tua
1382 740 1471 793 natus
1486 741 1540 805 est,
1556 738 1610 811 qui
1622 743 1650 795 te
1662 738 1763 809 diliget
1775 761 1781 799 :
1792 744 1821 797 et

113 826 146 879 et
156 825 283 887 tenente,
292 835 415 877 mensus
425 826 470 876 est
482 836 534 877 sex
546 822 662 878 modios
673 821 788 888 hordei,
799 824 828 876 et
838 819 940 892 posuit
992 819 1088 877 multo
1103 820 1154 877 tibi
1167 826 1211 878 est
1225 822 1436 895 melior,quam
1447 825 1820 898 siseptemhaberesfilios.

111 924 300 981 supeream.
318 910 386 975 Qua
401 911 521 981 portans
530 909 666 979 ingressa
678 913 725 968 est
739 907 898 973 civitatem,
910 912 939 963 et
994 908 1168 981 susceptum
1175 909 1279 967 Noemi
1288 926 1416 983 puerum
1426 914 1525 984 posuit
1533 913 1564 969 in
1572 914 1640 969 sinu
1651 930 1718 985 suo,
1729 919 1756 971 et
1765 928 1821 970 nu-

110 996 244 1053 venitad
261 1011 381 1053 socrum
396 1012 496 1054 suam.
525 998 597 1064 Quae
611 997 684 1055 dixit
697 997 740 1054 ei:
758 996 834 1064 Quid
853 993 938 1066 egisti
991 994 1071 1053 tricis
1087 998 1242 1067 acgerulee
1270 998 1369 1056 officio
1380 999 1571 1071 fungebatur.
1598 1002 1705 1061 Vicina
1719 1007 1821 1061 autem

109 1084 399 1158 filiaiNarravitque
412 1085 784 1158 omniaquaasibiiecisset
794 1086 939 1142 hemodi
992 1085 1132 1142 mulieres
1143 1087 1385 1159 congratulantes
1397 1089 1434 1157 ei,
1451 1105 1487 1147 ac
1511 1089 1643 1147 dicentes
1653 1108 1659 1148 :
1669 1094 1760 1149 Natus
1776 1098 1820 1153 cst
1916 1086 1920 1101 ’

110 1174 322 1233 aitzliacasex
345 1174 466 1231 modios
491 1175 597 1232 hordei
614 1175 697 1232 dedit
717 1174 802 1241 mihi,
822 1177 851 1230 et
875 1172 935 1230 ait:
991 1172 1185 1231 liliusiioemi
1199 1194 1205 1234 :
1219 1186 1402 1235 vocaverunt
1433 1178 1626 1250 nomenoius
1653 1178 1755 1237 obad:
1771 1178 1819 1237 hic

109 1262 184 1320 Nolo
197 1278 330 1321 vacuam
341 1266 370 1319 te
381 1264 485 1320 reverti
499 1264 539 1321 ad
554 1264 679 1321 domum
693 1268 788 1321 tuam.
799 1261 937 1333 Dixitque
991 1264 1035 1319 est
1049 1266 1133 1335 pater
1145 1262 1211 1330 lsai,
1227 1264 1320 1335 patris
1335 1264 1511 1322 Davidlirec
1521 1271 1590 1324 sunt
1612 1266 1819 1337 generationes

108 1351 537 1425 Noemi:lixpectatiliadonec
547 1352 706 1409 videamus
725 1350 936 1424 quemexitum
990 1350 1099 1407 Pheres
1111 1370 1118 1407 :
1130 1350 1241 1407 Pheres
1251 1352 1352 1424 genuit
1371 1356 1474 1422 Esron,
1490 1356 1585 1413 lisron
1602 1355 1704 1425 genuit
1716 1357 1817 1424 Aram,

108 1440 726 1513 hebeatlieqneenimcessabithomonisi
743 1439 936 1512 compleverit
989 1440 1081 1497 Aram
1097 1442 1199 1510 genuit
1212 1440 1393 1512 aminadab,
1408 1441 1577 1501 aminadab
1587 1444 1690 1513 genuit
1707 1444 1818 1501 Nahar-

108 1526 936 1603 quodiooutusest.(cep.1v.)aseenditargoBoosad
990 1542 1056 1595 son,
1083 1525 1239 1583 Nahasson
1268 1527 1370 1597 genuit
1403 1528 1535 1599 selmon,
1560 1529 1684 1588 salmon
1718 1530 1820 1601 genuit

107 1620 274 1690 portam‚et
285 1616 362 1674 sedit
375 1617 426 1674 ibi.
444 1619 579 1690 Cumque
593 1617 718 1675 vidisset
727 1618 934 1691 propinquum
990 1616 1077 1685 Booz,
1092 1613 1277 1685 Boozgenuit
1302 1615 1396 1684 obed,
1424 1616 1508 1675 Obed
1540 1618 1644 1691 genuit
1670 1617 1738 1686 lsai,
1762 1617 1818 1675 lsai

107 1706 314 1778 praeterirade
327 1721 388 1779 quo
403 1706 488 1779 prius
496 1722 597 1763 sermo
608 1706 731 1764 habitus
743 1709 798 1773 est,
809 1705 885 1763 dixit
894 1703 934 1761 ad
946 1713 972 1776 n
991 1702 1094 1773 genuit
1106 1702 1199 1761 David
1211 1717 1323 1774 regem.
1337 1715 1373 1776 lp.
1396 1707 1501 1763 Amen.

108 1805 198 1847 eum:
209 1790 330 1847 Declina
340 1790 510 1864 paulisper,
524 1795 554 1848 et
569 1790 643 1849 sede
653 1791 713 1857 hic,
720 1794 828 1848 vocato
838 1804 934 1847 eone

110 1878 326 1945 minesuo.0ui
338 1877 468 1945 divertit,
482 1881 512 1936 et
527 1878 735 1936 sedit.Tollens
743 1882 846 1937 aumm
858 1880 935 1935 Boou

108 1966 218 2025 decem
240 1966 318 2025 viros
334 1967 372 2024 de
387 1967 556 2025 senioribus
571 1966 709 2034 civitatis,
725 1967 799 2024 dixit
807 1967 847 2025 ad
858 1982 911 2024 eos
926 1985 932 2025 ε

109 2056 217 2114 διάιιι
228 2056 405 2123 hicouibns
416 2055 756 2125 resedentibus,locutus
766 2060 812 2113 est
822 2054 935 2128 adpro

106 2144 278 2218 pinqnum:
291 2145 412 2203 Partem
426 2142 934 2219 egniratrisnortridlimelechven·

106 2234 276 2302 ditNoemi‚
291 2250 360 2308 quae
372 2250 492 2293 reversa
501 2237 546 2291 est
560 2233 598 2291 de
607 2233 729 2305 regione
756 2232 932 2294 ltoabitida:

106 2322 193 2395 quod
205 2322 311 2380 audire
325 2326 353 2380 te
367 2322 457 2393 volui,
484 2329 512 2379 et
522 2322 578 2380 tibi
587 2321 687 2379 dicere
697 2336 800 2381 coram
818 2322 935 2379 cunctis

105 2409 325 2491 sedentibus‚et
338 2410 505 2484 majoribus
514 2411 633 2469 natude
643 2410 757 2483 populo
765 2409 878 2469 meo.Si
889 2409 935 2467 vis

104 2499 263 2571 possidere
270 2500 340 2572 jnre
348 2498 589 2574 propinquitatis,
605 2514 683 2565 eme,
696 2503 726 2557 et
734 2498 871 2573 posside:
886 2496 933 2555 sin

104 2594 211 2646 autem
216 2588 354 2661 displicet
366 2588 491 2658 tibi,hoc
499 2589 598 2662 ipsum
604 2587 707 2646 indica
712 2587 796 2654 mihi,
804 2592 836 2645 ut
841 2588 933 2646 sciam

104 2677 182 2750 quid
194 2677 294 2735 iacere
306 2677 436 2735 debeam
448 2696 455 2737 :
467 2677 568 2735 nullus
580 2681 626 2736 est
635 2677 717 2734 enim
732 2676 933 2749 propinquus,

105 2769 233 2839 excepto
244 2770 284 2836 te,
297 2767 349 2839 qui
360 2766 444 2840 prior
456 2780 506 2832 ess
520 2770 550 2823 et
559 2781 617 2836 me,
627 2766 681 2839 qui
692 2764 930 2823 secundusaum.

104 2858 141 2911 at
151 2854 203 2911 ille
213 2854 453 2927 respondit-Ego
472 2868 695 2925 agrumemam.
699 2852 934 2911 CnidixitBooa.
927 2869 934 2883 ·

106 2943 238 3009 Quando
247 2943 472 3014 emerisagrum
481 2942 624 2999 demanu
634 2941 767 2999 mulieris
769 2940 938 3013 fidumque

105 3046 168 3105 que
180 3030 368 3090 ltoabitidem
371 3045 449 3104 ‚que
462 3045 537 3089 uxor
545 3029 677 3089 deiunctr
688 3029 751 3101 tuit,
765 3028 937 3088 debasaeci·
947 3059 973 3120 G

105 3135 198 3193 pere:
210 3125 243 3178 ut
254 3121 381 3178 suscites
396 3136 507 3179 nomen
515 3120 679 3193 propinqui
690 3119 745 3177 tui.
748 3119 805 3186 Qui
812 3134 936 3192 respon-

105 3210 169 3266 dit:
184 3209 600 3283 Gedojurepropinquitatis:
606 3208 799 3282 nequeenim
813 3207 936 3280 posteri·

106 3301 201 3354 tatem
210 3297 332 3355 tamdia
342 3314 417 3356 mera
429 3297 527 3354 delere
539 3294 695 3354 dabaol'u
704 3312 774 3354 meo
790 3295 936 3368 uterepri·

105 3386 227 3457 rhegio,
241 3402 304 3460 quo
318 3403 366 3444 me
378 3386 504 3443 libenter
516 3400 617 3446 carcre
638 3384 789 3458 profiteor.
822 3384 874 3441 flio
883 3399 935 3442 au·

104 3479 167 3533 tem
180 3479 318 3532 eratmos
323 3474 507 3549 antiquitatis
519 3471 933 3545 inlaraelinterpropinquos,

103 3563 130 3618 si
145 3564 235 3636 257
264 3563 474 3636 quandoalter
496 3561 581 3621 alteri
606 3562 739 3634 squ'ure
752 3559 886 3625 cedebat,
902 3563 935 3617 ut

102 3653 283 3710 essettirma
292 3651 595 3721 concessio‚solvebat
603 3650 696 3708 homo
704 3649 934 3707 calciamentum

105 3747 241 3813 suamet
249 3742 486 3815 dabatproximo
496 3757 552 3798 suo
563 3758 570 3797 ι
583 3741 642 3798 hoc
654 3743 717 3797 erat
729 3737 934 3796 testimonium

102 3831 311 3890 concessionis
319 3832 351 3888 in
377 3831 478 3890 lsrael.
497 3829 656 3899 Dixitergo
681 3829 853 3901 propinquo
877 3841 934 3883 suo

103 3922 183 3978 Boos
193 3939 200 3982 :
212 3920 294 3978 Tolle
304 3920 549 3978 calciamentum.
565 3917 653 3984 Quod
668 3916 767 3974 statim
791 3914 878 3972 solvit
895 3913 934 3971 do

102 4008 184 4081 pede
195 4024 262 4065 sno.
275 4010 311 4064 At
324 4007 373 4064 iiie
387 4005 554 4080 majoribus
574 4009 659 4071 natu,
679 4009 708 4062 et
726 4003 863 4060 universo
882 4015 935 4075 pc·

103 4096 182 4168 pulo
192 4096 234 4152 eit
246 4111 253 4150 z
264 4099 373 4167 testes,
386 4095 491 4168 inquit,
507 4110 562 4151 vos
576 4093 646 4152 estis
655 4090 847 4164 hodiaqnod
861 4104 932 4163 pos·

102 4181 241 4240 sederim
251 4183 348 4242 omnia
360 4198 430 4256 qna
444 4182 565 4239 fuorunt
576 4177 746 4245 Elimelech,
759 4181 788 4234 et
800 4176 931 4244 chelion,

101 4275 134 4328 et
147 4270 431 4336 itehalon‚tradente
443 4271 546 4328 Noemi
559 4289 566 4329 :
581 4273 610 4328 et
623 4268 701 4326 Ruth
732 4266 931 4333 Moabitidem,

100 4375 231 4417 uxorem
244 4360 390 4427 llahalom
406 4359 438 4416 in
450 4358 626 4430 coniugium
633 4355 825 4428 sumpserim,
833 4358 864 4411 ιιι
870 4371 933 4411 sus-

100 4449 191 4505 citem
205 4462 319 4506 nomen
328 4448 460 4505 defuncti
474 4447 505 4504 in
514 4445 677 4503 hereditate
689 4441 932 4512 sua‚novocabu-

98 4537 244 4608 tamaius
254 4536 412 4594 deiamilia
422 4550 520 4592 suaac
531 4532 672 4592 iratribus
682 4529 933 4604 etpopulodelea-

99 4629 160 4681 tur.
174 4628 245 4695 Vos,
256 4625 394 4697 inquam,
409 4623 500 4696 hujus
513 4623 556 4679 rei
568 4625 655 4679 testes
670 4619 750 4677 estis.
769 4617 933 4691 Respondit

98 4711 350 4786 omnispopulus‚
361 4711 414 4785 qui
426 4714 490 4769 erat
502 4711 534 4768 in
547 4713 643 4782 porta,
658 4711 687 4766 et
696 4708 909 4779 majoresnatu
921 4723 930 4761 ε

99 4804 160 4858 Nos
171 4805 263 4858 testes
278 4816 399 4858 sumus:
410 4799 501 4857 iaciat
508 4797 654 4856 Dominus
673 4796 752 4852 hanc
762 4793 930 4861 mulierem,

98 4905 168 4963 qua
180 4888 351 4960 ingreditur
360 4887 489 4946 domum
498 4885 671 4953 tuem,sicut
682 4882 792 4942 Rachel
799 4886 828 4941 et
835 4883 931 4951 Liam,

97 4993 169 5051 quae
182 4976 407 5035 edificaverunt
416 4975 543 5033 domum
553 4972 643 5030 lsrael
651 4988 661 5032 r
669 4976 703 5030 ιιι
715 4971 753 5029 sit
764 4968 932 5043 exemplum

96 5065 217 5122 virtutis
231 5064 263 5122 in
276 5065 418 5136 ephrata,
429 5067 458 5122 ιι
472 5061 584 5120 habeat
597 5060 713 5118 celebre
723 5059 873 5116 nomanin
884 5060 933 5114 Be·

95 5154 248 5211 thlehem:
262 5152 569 5225 fiatquedomustua,
586 5150 664 5206 sicut
684 5148 795 5206 domus
819 5146 933 5203 Pheres

93 5257 191 5314 quem
198 5241 328 5298 Thamar
337 5241 453 5314 peperit
465 5237 721 5306 tudm,desemine
731 5235 813 5310 quod
821 5233 935 5311 dederit

92 5331 149 5387 tibi
165 5329 316 5387 Dominus
328 5345 365 5386 ex
380 5327 636 5402 hacpuella.l'ulit
646 5327 749 5400 itaque
764 5323 933 5395 Bocchum,

89 5420 248 5492 eteocepit
261 5433 388 5476 uxorem
401 5434 407 5475 :
422 5417 577 5489 ingressus
591 5419 637 5472 est
651 5414 691 5473 ad
702 5429 778 5480 eam,
797 5415 826 5470 et
851 5406 936 5468 dedit

89 5507 344 5576 illiDominus,ut
357 5505 539 5580 conciperet,
555 5507 584 5562 et
601 5507 719 5578 pareret
731 5502 839 5560 tilium.
850 5498 934 5558 hine

1325 1793 1475 1865 Hymnus.

1131 1880 1229 1938 Noctis
1247 1884 1366 1953 tempus
1377 1883 1442 1953 jam
1452 1881 1589 1955 preterit.

1095 1970 1161 2025 lam
1180 1968 1277 2039 gallus
1289 1969 1379 2041 canit,
1397 1969 1468 2027 vivis

1096 2056 1177 2114 Gallo
1187 2061 1312 2113 canente
1327 2072 1397 2129 spes
1411 2056 1508 2115 reddit
1520 2073 1528 2125 ;

1095 2146 1187 2216 AEgris
1202 2145 1284 2202 salus
1290 2144 1468 2205 refunditur.

1132 2236 1243 2292 Somno
1256 2233 1372 2305 gravati
1383 2232 1508 2303 surgite.

1095 2322 1197 2379 Cordis
1212 2326 1331 2379 reatum
1343 2321 1480 2395 pandite,

1093 2410 1356 2485 tesuquelandem
1378 2409 1478 2478 dicite,

1094 2499 1151 2565 Qui
1165 2514 1221 2556 nos
1234 2497 1363 2555 redemit
1379 2496 1538 2567 sanguine.
1655 2484 1660 2491 ’

1131 2590 1196 2645 lton
1206 2591 1239 2642 ut
1251 2585 1343 2643 fallax
1358 2584 1536 2657 discipulus,

1043 2738 1047 2746 ,
1096 2674 1271 2747 Quipecem
1283 2674 1381 2730 terens
1398 2671 1519 2741 oscu103

1096 2765 1130 2821 lit
1143 2760 1249 2819 dolum
1261 2764 1367 2817 tenens
1379 2762 1509 2830 pectora,

1096 2849 1202 2906 Turbis
1212 2847 1388 2920 Magistrum
1409 2844 1539 2903 tradidit.

1132 2941 1220 2997 iesus
1229 2940 1335 3012 captus
1350 2935 1390 2995 ab
1404 2934 1524 3008 impiis:

1098 3028 1313 3103 Disperguntur
1327 3022 1484 3097 discipuli:

1098 3120 1225 3174 Locutus
1241 3118 1285 3172 est
1299 3118 1330 3171 ut
1345 3112 1492 3171 Dominus

1096 3209 1185 3265 Nocte
1200 3199 1490 3262 lerensscandalum.

1130 3297 1215 3352 iesus
1228 3291 1290 3349 suis
1304 3289 1473 3362 discipulis,

1095 3385 1172 3440 Dum
1183 3386 1301 3440 crucem
1312 3393 1400 3434 suam
1411 3375 1563 3448 praedicat,

1095 3470 1201 3544 Negari
1215 3483 1282 3526 sese
1295 3467 1464 3540 praemonet
1476 3481 1486 3536 3

1094 3562 1197 3617 Petrus
1209 3557 1343 3614 tacturus
1353 3553 1495 3622 abnegat.

1130 3649 1231 3703 Petrus
1245 3643 1363 3700 fervens
1378 3639 1484 3712 spiritu

1094 3735 1231 3809 Sequitur
1245 3733 1276 3790 in
1290 3729 1448 3803 praetorio;

1093 3823 1150 3880 Sed
1163 3821 1282 3892 agnitus
1294 3815 1471 3889 discipulus,

1092 3909 1215 3983 Negavit
1225 3905 1374 3964 Christum
1387 3902 1561 3960 Dominum.

1128 3992 1359 4067 Petruajurabet
1371 3989 1514 4049 omnibus
1531 4006 1538 4045 ε

1093 4089 1128 4144 Se
1146 4100 1208 4142 non
1218 4082 1336 4140 novisse
1349 4079 1505 4140 hominem
1520 4095 1527 4133 :

1092 4177 1154 4230 Vox
1168 4185 1299 4244 nemque
1314 4167 1384 4240 gelli
1398 4168 1528 4234 resonat,

1093 4265 1127 4320 at
1140 4257 1373 4330 Petrusculpam
1393 4251 1542 4312 meminit.

1128 4351 1224 4413 lesus,
1243 4347 1318 4402 dum
1334 4346 1452 4400 Petrum
1466 4357 1499 4398 re

1093 4437 1194 4494 Fidem
1208 4432 1286 4492 Petri
1300 4433 1375 4490 dum
1388 4428 1522 4501 suscipit.

1091 4529 1264 4595 Petrusqua
1277 4517 1410 4586 fluendo,
1426 4516 1530 4588 recipit

1092 4613 1177 4680 Quod
1193 4616 1261 4670 ente
1270 4607 1362 4682 paulo
1376 4605 1527 4664 emiserat.

1127 4703 1161 4758 Et
1174 4715 1230 4757 nos
1244 4710 1412 4772 precamur,
1429 4691 1564 4759 Domine,

1095 4789 1195 4848 iidem
1210 4785 1285 4844 Petri
1294 4783 1438 4856 recipere,

1093 4879 1254 4949 iidemque
1267 4869 1483 4945 apostolicam,

1093 4968 1207 5025 Flentes
1214 4979 1268 5038 pro
1282 4964 1385 5018 nostro
1397 4958 1530 5024 erimine,

1128 5053 1211 5113 Gallo
1218 5053 1344 5110 canente
1356 5047 1496 5104 venimus

1094 5141 1209 5201 Laudes
1224 5142 1284 5196 lieo
1296 5134 1496 5212 persolvimus

1095 5225 1292 5288 Goniessionis
1308 5223 1437 5298 propriae

1095 5321 1204 5376 liantes
1220 5315 1246 5374 ei
1259 5329 1364 5372 reram
1376 5312 1479 5369 iidem.

1131 5403 1266 5463 maceda
1279 5402 1418 5474 princeps
1430 5399 1469 5457 de

1096 5497 1169 5554 Cum
1182 5492 1280 5553 noxiis
1292 5489 1541 5566 phantasmatum
1556 5498 1564 5538 ι
