4117 6175
334 570 405 624 Post
418 566 531 622 laetum
546 573 683 618 eruorem
698 557 866 627 Martyrum,

335 658 431 724 Quem
443 652 618 711 testularum
633 643 785 716 fragmina

334 747 472 803 liuorone
485 743 574 797 aeuto
587 735 757 794 vulnerant.

369 831 476 890 Dolore
484 827 567 888 nullo
582 823 729 896 frangitur

334 920 481 993 Nullaque
494 932 588 992 poena
598 913 739 981 vinoitur,

335 1009 487 1066 Flammas
499 1005 598 1064 ferens
607 1018 662 1077 per
675 998 806 1073 ungulas

334 1097 470 1156 Robusto
480 1093 647 1169 permansit
655 1090 744 1148 fides.

369 1190 413 1244 Ex
425 1185 497 1242 bino
509 1184 660 1258 reponunt
673 1176 815 1237 mollibus

333 1275 439 1336 curisti
449 1272 572 1330 fidelem
583 1270 707 1328 militem

336 1364 439 1424 carnis
451 1362 554 1420 relioto
568 1358 712 1432 pondere,

335 1453 381 1514 ad
395 1456 476 1512 astra
490 1450 601 1520 migrat
614 1445 756 1518 Spiritus.

369 1543 505 1598 Vesanus
514 1539 681 1610 Imperator
690 1531 761 1590 ieris

332 1632 451 1690 lautum
466 1627 595 1685 eederet
609 1621 756 1681 mandat:

334 1718 461 1779 Custode
474 1719 580 1786 Corvo,
597 1727 722 1785 corpore

334 1813 440 1868 Fames
452 1806 558 1878 lupina
574 1803 703 1877 pellitur.

370 1896 472 1954 Gravis
484 1897 660 1966 Tyrannum
674 1890 785 1948 exeitat

335 1983 596 2056 ruror,1uberque
612 1983 772 2051 llartyrem

333 2078 471 2132 insutum
486 2085 580 2143 parvo
593 2068 700 2126 eculeo

336 2160 424 2219 Ponti
433 2158 585 2233 profundo
598 2157 787 2226 immergere.

368 2251 469 2307 llonor
477 2261 616 2304 summus
635 2249 707 2300 tuno
720 2242 865 2308 redditur,

333 2338 460 2396 iubente
471 2335 598 2401 Christo,
610 2333 720 2405 littori;

334 2425 460 2486 Retectis
473 2424 564 2482 undis
578 2421 694 2480 levibus

333 2514 480 2573 Praevsnit
490 2528 595 2570 omnes
608 2510 749 2582 remiges.

369 2602 415 2660 'l'u
428 2602 511 2660 solus
523 2617 542 2658 o
555 2599 604 2658 bis
618 2597 738 2672 inelyte,

336 2692 425 2752 Solus
439 2690 535 2750 bravii
546 2687 676 2762 duplicis

264 2832 267 2836 Α
334 2780 467 2840 Palmam
489 2777 590 2847 tulisti,
605 2781 640 2834 tu
650 2775 730 2834 duas

335 2868 430 2928 Simul
443 2867 554 2941 parasti
574 2866 703 2924 laureas.

371 2957 482 3014 Adesto
496 2970 587 3021 nuno,
598 2957 629 3012 et
641 2951 761 3026 perolpe

335 3047 428 3104 voees
443 3046 622 3117 precantum
636 3041 797 3116 suppliees,

337 3134 434 3193 Nostri
447 3136 549 3191 reatus
559 3130 669 3188 effioax

339 3226 444 3283 Orator
457 3222 498 3281 ad
511 3222 663 3281 fbronum
679 3219 785 3279 Patris.

373 3312 430 3369 Per
439 3314 479 3381 te,
492 3310 643 3383 perillum
657 3322 810 3367 oaroerem

338 3400 467 3461 lionoris
480 3400 678 3472 augmentum
691 3398 746 3469 tui,

337 3494 394 3549 Per
406 3490 517 3559 vinela,
530 3488 684 3561 llammas,
701 3487 842 3559 ungulas,

338 3581 394 3638 Per
405 3576 587 3637 oaroeralem
599 3577 741 3650 stipitem,

371 3668 429 3727 Per
437 3667 576 3739 fragmen
588 3666 663 3723 illud
674 3670 811 3733 testeum,

339 3759 405 3825 ouo
419 3760 508 3830 parta
521 3755 611 3813 erevit
621 3755 728 3827 gloria,

339 3847 396 3904 Per
410 3860 502 3919 quem
518 3849 678 3903 trementes
691 3843 802 3917 posteri
917 3888 924 3901 .

338 3934 558 3994 mensuramus
569 3932 722 3993 lectulum.

373 4026 507 4083 llieerere
518 4029 691 4082 nostrerum
700 4036 836 4095 preoum,

338 4114 476 4171 Pleeatus
492 4118 524 4169 ut
537 4112 669 4170 Christus
686 4111 748 4168 suis

336 4204 460 4260 lnoliuet
475 4217 579 4257 aurem
593 4214 770 4272 prosperam
778 4217 789 4271 3

337 4296 436 4353 Nonas
449 4306 505 4349 nee
515 4306 622 4348 omnes
640 4292 775 4363 imputet.

373 4380 404 4439 Si
419 4380 473 4437 rite
488 4378 655 4437 solemnem
672 4377 755 4434 diem

337 4471 518 4527 veneremur
536 4482 599 4536 ore,
610 4470 768 4539 etpeotore

338 4557 369 4615 Si
378 4555 436 4615 sub
453 4561 575 4613 tuorum
586 4555 700 4625 gaudio

336 4646 535 4718 vestigiorum
553 4645 713 4702 sternimur
726 4662 734 4703 r

372 4736 527 4809 Paulisper
540 4736 598 4793 lruo
607 4734 752 4801 inlabere,

336 4826 443 4885 Christi
453 4825 588 4883 favorem
603 4822 748 4893 deferens,

336 4918 432 4973 Seusu
445 4913 562 4987 gravati
576 4917 609 4970 ut
621 4913 752 4971 sentiant

334 5004 486 5062 Leramen
497 5001 702 5074 indulgentia.

369 5093 418 5149 Sie
429 5091 513 5149 nulla
524 5092 588 5163 J'am
601 5094 693 5147 restet
707 5104 802 5165 mora,

336 5183 434 5248 Quum
448 5180 606 5237 excitatam
619 5176 729 5235 nobilis

335 5271 460 5327 Carnem
478 5269 610 5323 resumat
624 5265 755 5348 spiritus,

334 5358 444 5416 Virtute
462 5355 652 5429 perfunctam
665 5353 741 5429 peri.

370 5449 406 5505 Ut
416 5460 485 5521 qua
497 5443 638 5503 laborum
656 5440 816 5517 partieeps,

333 5538 495 5596 commune
509 5532 672 5592 discrimen
685 5529 762 5605 ttulit,

896 241 1127 310 emmanuet
1146 240 1340 306 florulenti.

1104 373 1130 432 b
1217 372 1259 430 Sit
1272 374 1301 429 et
1319 369 1445 428 coheres
1458 368 1561 440 glories

1215 461 1335 519 Cunctis
1348 459 1379 515 in
1396 473 1495 516 aevum
1510 458 1641 518 soeoulis.

1250 551 1363 606 Proesta
1374 549 1460 606 Pater
1472 547 1615 619 piissime,

1216 638 1353 710 Patrique
1373 652 1497 710 compar
1512 637 1612 704 Unice,

1217 729 1290 786 Cum
1311 726 1419 800 Spiritu
1433 725 1585 793 Pareollto,

1216 819 1355 886 Regnans
1368 829 1525 889 per-omne
1539 812 1693 871 sneulum.

1252 906 1357 962 Amen.

1181 987 1973 1069 [eoru]Supprimereoremus.motrtonomtae,rolto

1148 1086 1251 1142 amru.

1485 1172 1637 1242 capituto.

1186 1262 1286 1327 Adest,
1303 1260 1439 1330 Domine,
1458 1261 1539 1318 testis
1563 1259 1606 1316 tui
1626 1258 1760 1316 solemne
1781 1255 1868 1325 illud,
1885 1259 1975 1328 atque

1147 1347 1978 1423 famosissimumfestum,quodannuisreoursibnsmor-

1147 1437 1978 1513 taliumobtutibuspresentatur-,inquobietinoentiua

1146 1535 1263 1604 martyr
1270 1534 1338 1587 tuus
1346 1528 1521 1587 mirabiliter
1530 1527 1662 1595 vinosus,
1674 1531 1703 1584 et
1715 1524 1780 1582 solo
1790 1523 1940 1599 probatae
1950 1528 1978 1581 et

1145 1621 1262 1694 pelago,
1273 1635 1329 1677 neo
1341 1619 1463 1675 terrenis
1474 1615 1768 1690 suppliciisrinoitur,
1780 1629 1836 1672 nee
1846 1611 1975 1669 marinis

1105 1713 1128 1770 B
1144 1709 1311 1782 gurgitibus
1318 1706 1516 1780 compeditur,
1525 1706 1661 1774 vincens,
1671 1703 1849 1761 etteuebras
1859 1701 1975 1774 paritur

1144 1789 1975 1868 etenteues:dumprmdioatorluminisneorineulorum

1142 1887 1273 1944 vinoitur
1282 1883 1625 1960 poenis,neotenebrosis
1634 1882 1741 1940 remoti
1749 1881 1878 1938 carceris
1888 1893 1977 1952 supe·

1143 1970 1975 2048 ratmangusuis;sedpouus,quivereeontessusnomen

1143 2065 1241 2123 fuerat
1253 2064 1392 2132 veritatis,
1408 2063 1440 2119 iu
1453 2062 1577 2120 veritate
1589 2060 1767 2119 famulantia
1783 2058 1845 2115 sibi
1858 2057 1976 2114 videret

1143 2153 1271 2211 ooelestis
1291 2152 1437 2227 obsequie
1455 2151 1530 2209 lueis
1550 2171 1557 2212 :
1579 2150 1635 2217 Qui
1659 2165 1731 2222 ergo
1749 2148 1851 2206 devoti
1871 2161 1977 2204 annua

1143 2236 1974 2313 devotionetautillurtyrissolemnefestumsureipimns,

1144 2346 1329 2405 quesumus,
1344 2334 1377 2386 ut
1396 2329 1592 2402 suseeptionis
1601 2328 1693 2400 hujus
1705 2326 1788 2400 apud
1803 2331 1832 2383 te
1847 2325 1976 2398 proemio

1143 2435 1346 2488 muneremur,
1362 2431 1424 2492 quo
1435 2417 1594 2477 memorati
1606 2416 1739 2490 llartyris
1748 2418 1922 2473 interventu
1932 2427 1977 2472 re-

1142 2525 1268 2567 moveas
1282 2507 1422 2567 anostris
1433 2507 1545 2566 finibus
1556 2507 1690 2580 plagam,
1700 2511 1728 2563 et
1738 2506 1831 2562 totius
1840 2501 1979 2561 nocibili-

1143 2595 1829 2670 tatisinoommoda:quoetproventusfrugum
1836 2591 1976 2666 plaoidos

1143 2693 1222 2746 terra
1232 2687 1387 2760 parturiat,
1402 2685 1548 2744 stenima
1556 2689 1667 2744 nostre
1675 2683 1786 2742 divinis
1795 2681 1979 2740 fontevirtu·

1144 2769 1980 2848 tibusoonoalesoantzutexpulsistenebrerumoperibus

1143 2867 1174 2924 in
1188 2871 1240 2924 tuo
1264 2865 1375 2924 Christe
1388 2864 1501 2923 lumine
1514 2869 1622 2922 ennete
1636 2867 1815 2938 superantes
1830 2861 1974 2926 advmse,

1144 2953 1979 3028 etbieetinfuturogaudianobisiueommuneexoptata

1108 3044 1322 3129 oprovenisnt
1334 3043 1386 3119 qui
1400 3059 1457 3102 uos
1471 3058 1557 3101 orere
1580 3047 1715 3118 prestas,
1736 3046 1765 3099 et
1780 3040 1880 3098 disere
1895 3056 1905 3097 z

1179 3132 1276 3192 Pater.
1295 3131 1422 3191 Libeiatl
1436 3149 1455 3191 a
1471 3132 1561 3190 melo.
1573 3130 1631 3203 fot.
1646 3120 1674 3189 ἶ.

1180 3218 1362 3282 Benedi'ctio.
1374 3221 1504 3280 Christus
1520 3220 1675 3290 Dominus,
1693 3218 1748 3294 qui
1768 3214 1897 3276 viriliter
1913 3217 1977 3275 vin-

1146 3313 1222 3371 eeuti
1238 3310 1399 3379 Vincentio,
1415 3310 1570 3369 tenebroso
1584 3306 1739 3368 adsistenti
1753 3308 1784 3365 iu
1800 3322 1935 3379 earcere,
1951 3308 1978 3363 et

1145 3400 1259 3458 luinine
1273 3403 1317 3458 est
1329 3400 1447 3458 iniustis
1461 3405 1490 3457 et
1501 3413 1634 3469 munere,
1655 3390 1697 3455 sio
1711 3398 1777 3454 luoe
1800 3412 1858 3453 sua
1869 3412 1929 3452 nos
1940 3393 1979 3451 vi-

1147 3484 1224 3555 sitet,
1251 3492 1284 3546 ui
1306 3486 1408 3546 aeleiui
1431 3487 1566 3546 muneris
1588 3482 1756 3544 e'onlatlone'
1780 3482 1921 3551 ditificet;
1944 3492 1977 3553 tp.

1146 3584 1251 3635 Amen.
1268 3575 1384 3652 Quique
1397 3573 1438 3634 illi
1459 3566 1573 3635 refulsit
1591 3576 1667 3632 inter
1682 3570 1821 3631 tenebras
1834 3572 1977 3639 carceris,
2054 3590 2055 3647 t

1146 3666 1309 3725 iuiuoastiat
1323 3664 1354 3723 in
1369 3664 1509 3723 cordibus
1524 3653 1679 3722 nostrised
1693 3654 1853 3721 eradenda
1867 3658 1976 3717 futures
2054 3716 2055 3721 ,

1147 3754 1421 3831 suppiloiattltiouis
1433 3746 1977 3829 :amentiaquiipsovoeabulosui

1147 3840 1978 3917 nominisvietorcomprobatusestpessiouissuesnospre-

1148 3928 1976 4079 oilgrstionsorteseffloietincelestibusregnisuellmen.

1205 4032 1246 4081 el.

1183 4112 1299 4171 Lenda.
1320 4106 1442 4173 Dilectio
1456 4104 1506 4171 lua
1521 4114 1598 4170 siout
1616 4112 1683 4170 fons
1699 4110 1766 4169 vitm
1787 4112 1955 4186 permanet
1971 4125 1978 4165 ι

1146 4204 1180 4261 Ρ.
1198 4202 1228 4260 Et
1243 4202 1389 4276 sapientia
1405 4207 1455 4259 tua
1467 4203 1768 4259 relutoruameutum
1781 4214 1924 4257 aureum.
1937 4196 1981 4254 itl-

1146 4289 1245 4358 leluia,
1260 4290 1387 4359 alleluia,
1403 4290 1533 4349 alleluia.
1547 4291 1579 4352 ll.
1597 4294 1660 4347 Nou
1676 4290 1727 4346 det
1746 4290 1776 4345 iu
1798 4288 1981 4345 eommotio-

1108 4376 1981 4543 0fleitelli,titlffiltfttfillit

1182 4559 1292 4616 Oratio
1309 4560 1398 4624 Deus,
1413 4558 1465 4631 qui
1481 4557 1656 4615 mirabiliter
1675 4556 1801 4615 viuoeuti
1821 4555 1978 4611 Vinoentio

1145 4647 1286 4705 daturum
1300 4652 1327 4704 te
1340 4664 1453 4707 manua
1462 4648 1673 4705 absconditum
1682 4645 1873 4720 promissisti,
1883 4644 1978 4717 utqui

1146 4737 1316 4795 mortalium
1323 4738 1586 4811 deriseratgenera
1594 4734 1979 4803 tormentorumimmorte·

1142 4826 1232 4901 litatis
1249 4826 1350 4899 utique
1364 4841 1488 4885 munere
1501 4827 1643 4885 ditaretur
1654 4824 1799 4893 ;eonoede
1813 4823 1905 4881 nobis
1915 4838 1980 4879 me·

1143 4915 1206 4973 ritis
1224 4915 1299 4987 ejus,
1315 4915 1368 4989 qui
1386 4920 1413 4973 te
1426 4915 1486 4973 fide
1505 4917 1628 4974 nomine
1646 4920 1675 4973 et
1694 4914 1835 4989 passione
1854 4917 1978 4969 seoutus

1144 5009 1197 5072 est,
1213 5010 1364 5063 utnomeu
1375 5020 1499 5075 novum,
1512 5006 1596 5079 quod
1605 5002 1695 5063 nobis
1704 5004 1735 5061 iu
1746 5000 1979 5061 Christianitatis

1144 5092 1229 5152 titulo
1242 5094 1459 5163 estoonlatum,
1471 5102 1500 5152 et
1515 5098 1547 5153 in
1557 5094 1615 5155 heo
1625 5094 1686 5153 vita
1702 5092 1911 5167 possesionem
1921 5089 1979 5146 bo·

1143 5197 1252 5240 norum
1267 5198 1393 5256 operum
1406 5198 1518 5241 novam
1540 5183 1628 5241 nobis
1642 5181 1826 5253 adoumulet,
1842 5184 1873 5237 et
1889 5179 1923 5235 in
1934 5176 1979 5235 fu·

1143 5275 1209 5329 turo
1223 5276 1370 5329 eternum
1384 5271 1472 5329 nobis
1482 5288 1621 5345 reguum,
1633 5270 1979 5345 algaudiumpraparet

1143 5358 1206 5417 sine
1220 5358 1290 5419 fine.
1306 5371 1339 5435 n.
1356 5361 1462 5419 Amen.

1174 5442 1230 5504 Per
1243 5448 1493 5509 misericordiam.

1177 5534 1342 5599 innomine
1353 5534 1484 5602 nomini.
