4117 6175
223 209 295 298 ise
852 186 1082 279 emeremus
1101 195 1299 281 mruteuu.
1514 301 1515 304 Ν
1856 213 1916 284 sai

224 361 276 436 qei
287 359 402 418 nubam
414 357 508 415 stiam
521 365 607 428 spem
620 351 744 415 habena
771 353 800 408 st
814 347 910 406 libera
927 351 983 403 nos
1011 343 1050 401 de
1063 339 1090 397 t
1104 353 1189 402 mens
1204 356 1295 420 snpra
1305 345 1365 405 idel
1379 345 1676 414 determinarentur
1692 350 1918 421 meaaupermsl
2025 381 2026 422 ,

224 449 512 520 mauuiuiquerum,
528 450 557 501 et
569 457 639 500 erue
659 454 740 500 mea
763 439 870 496 timore
881 450 959 493 meo.

1104 433 1918 508 etiesumsiiemoriameeingenemtlnuesmenlorbn.
2025 435 2026 458 ¹

261 537 374 596 Oratio.
389 534 572 599 auxilietuo,
583 531 717 600 Domine,
728 525 1051 590 detendendamaueus
1106 524 1161 590 Qui
1173 525 1330 595 eduntme,
1346 526 1603 586 adhttoesuriedt:
1617 525 1711 599 etqui
1735 522 1845 584 bibunt
1871 543 1922 593 me.

225 628 358 702 demque
372 629 506 683 nostram
520 621 737 680 committimus
761 615 1006 683 imbecillitatem,
1021 613 1053 670 ut
1106 612 1206 670 adhue
1221 613 1336 673 sitiunt.
1357 617 1412 684 oui
1425 613 1551 674 audiunt
1563 625 1621 684 mc,
1635 622 1697 672 hon
1710 615 1924 675 contundentur
2025 675 2026 712 1

225 716 370 780 tuumsit‚
383 730 439 770 nos
458 711 586 770 evadere
615 709 653 768 tle
672 705 850 780 muscipulis
878 704 1053 778 impiorum,
1107 703 1201 777 etqui
1215 705 1481 778 operanturlnme,
1495 718 1555 762 uon
1567 705 1701 777 peccarit.
1714 702 1925 772 Quielucidanl
2025 749 2026 768 i

226 807 312 880 cuius
322 804 388 872 luit,
401 801 606 862 venerandam
629 797 777 857 liulsliem
793 811 852 855 nou
877 792 982 852 cedere
997 796 1054 850 ter-
1108 795 1166 861 nte,
1180 789 1272 850 sltem
1285 799 1431 852 eternam
1455 789 1680 867 posssidebunt.
1694 801 1730 866 n.
1753 795 1862 851 amau.

225 895 345 954 roribus
370 890 630 968 persequentium
646 903 682 946 uc
713 887 790 944 sicut
810 884 893 944 iham
912 880 1053 940 atrocitas

226 999 286 1040 non
302 983 406 1040 terruit
418 978 578 1048 saevientis,
599 977 640 1036 itu
654 972 984 1050 nonqueeutinducere
999 984 1055 1028 uos

226 1071 365 1144 decipula
379 1069 570 1136 oblatrantis;
587 1072 619 1124 ut
632 1068 697 1140 ipse
712 1080 792 1122 unus
817 1078 869 1136 per
883 1077 939 1118 nos
954 1062 1054 1116 vinca·

225 1162 273 1217 tur
287 1160 350 1216 suis
362 1156 497 1216 convitiis
511 1162 540 1213 ei
554 1155 707 1214 erroribus
735 1153 862 1217 cunctis,
891 1150 940 1223 qui
962 1161 1055 1222 expu-

228 1238 1054 1321 gnatusestpersuisliempassionesuperanrenumsn.

262 1337 320 1392 Per
340 1332 575 1391 misericordiam
604 1336 697 1388 tuam.

262 1423 311 1480 dd
323 1423 502 1480 Benedictus.
519 1418 705 1489 Antiphone.
732 1416 803 1473 Filia
826 1415 908 1483 sion,
927 1412 1055 1471 benedic

227 1504 900 1570 Dominoiieoexcelsoiuomntbenedictione,
917 1499 1053 1561 attende.

262 1600 427 1658 cestuum.
441 1597 618 1654 benedictus
630 1610 662 1651 es
680 1595 816 1651 Domine.
830 1593 886 1664 soi.
899 1596 927 1648 c.

263 1685 397 1761 [mussi]
412 1686 524 1745 Osutio.
539 1684 630 1740 Beata
645 1682 697 1740 uei
711 1683 809 1753 virgo,
837 1694 905 1755 qum
927 1681 959 1737 in
985 1672 1055 1738 Sion
1076 1689 1097 1747 n

226 1774 429 1850 speculatione
442 1773 574 1844 gloriosa
600 1772 750 1841 consistis,
774 1771 966 1844 quambene
991 1769 1056 1840 ipsa

225 1863 363 1921 dilexisse
377 1867 512 1928 rostaim,
527 1874 564 1919 es
587 1875 650 1935 quo
663 1859 718 1917 tibi
744 1871 802 1916 non
812 1871 998 1915 recessuram
1013 1857 1057 1912 ui·

226 1956 271 2010 tre
285 1951 519 2009 misericordiam
552 1949 709 2023 pollicetur
721 1965 729 2016 ς
743 1947 783 2005 da
810 1946 898 2004 uobis
929 1946 1056 2004 Domini

225 2039 414 2107 multisonis,
428 2044 461 2097 ut
473 2038 685 2097 amoredisino
711 2037 883 2107 dementes,
909 2036 940 2092 in
955 2034 1056 2091 tuturo

223 2127 337 2202 judicio
349 2128 539 2186 inveniemur
553 2127 829 2184 indemnesamen.
842 2127 875 2180 lit
888 2123 1056 2195 adiutigraa

226 2215 440 2275 u'adttinitetis
452 2216 541 2287 illius,
558 2215 611 2288 qul
637 2218 681 2270 est
693 2214 772 2286 pius,
799 2217 828 2269 et
841 2211 1012 2267 misericors
1024 2210 1054 2267 in

225 2305 330 2362 omnia
343 2303 454 2362 secula
483 2303 673 2361 seculorum.
694 2311 731 2373 n.
750 2302 857 2358 amen.

261 2396 315 2452 ter
338 2391 590 2452 misericordiam.

261 2482 344 2540 doec.
358 2481 493 2540 Alleluia.
514 2479 659 2553 Egredere
682 2482 754 2554 post
776 2472 901 2549 vestigii
927 2488 1054 2550 megum

226 2575 353 2638 tuorum,
364 2572 446 2645 virgo
459 2570 611 2636 illiaSion‚
629 2573 658 2628 et
675 2585 764 2641 pesce
780 2571 964 2639 agnostuos.
981 2566 1056 2624 Alle-

226 2657 297 2730 luia,
312 2658 442 2731 aleluia,
458 2657 587 2718 clleluie.
601 2657 634 2720 i.
646 2652 778 2715 alleluia.
800 2653 917 2712 intraln
934 2653 1055 2712 hortum

226 2763 452 2823 meumsponse
467 2764 544 2814 mea,
570 2745 632 2804 fllia
656 2743 850 2803 hierusalem.
871 2745 942 2800 iteca
965 2743 1055 2802 tiores

227 2836 271 2894 toi
283 2835 539 2908 germinationem
557 2841 678 2893 terrem.
706 2834 873 2905 tesceiam
893 2832 970 2890 inter
981 2830 1053 2905 iilia,

227 2926 325 2982 donec
339 2925 547 2996 respiremus,
567 2930 597 2980 et
611 2926 807 2980 amoveantur
822 2921 947 2978 umbrie.

263 3013 379 3070 leudo.
397 3012 526 3068 Laudato
540 3011 695 3067 Dominum
714 3011 752 3067 de
778 3010 863 3067 coelis
890 3028 898 3067 s
921 3009 1054 3081 Alleluia,
1073 3037 1095 3097 Π

229 3098 349 3158 aleluia
364 3099 504 3157 :laudate
517 3112 587 3156 enm
602 3100 633 3155 iu
644 3098 778 3156 excelsis.
793 3098 1057 3166 Alleluia,alieluia

228 3188 365 3246 Psetmss
387 3197 505 3245 cxtssrs.

261 3275 1019 3353 metseuuecmiosuetseumosu(cas.exis).

265 3366 327 3424 beo
347 3368 473 3441 greum.

263 3455 413 3529 &pientio
425 3454 565 3514 laudabit
580 3454 715 3514 animem
731 3470 829 3525 snam,
846 3461 875 3515 et
886 3458 916 3514 io
929 3448 1056 3515 homino

226 3544 432 3613 honorabitur,
445 3546 476 3602 in
490 3546 698 3619 mediopopuli
712 3547 757 3603 sul
767 3546 952 3617 gloriabitur,
967 3547 999 3604 lu
1009 3560 1054 3605 ec·

227 3634 325 3692 clesiis
338 3634 480 3691 altissimi
495 3634 606 3707 aperiet
617 3645 653 3691 os
666 3643 765 3701 suum,
782 3642 811 3691 et
838 3635 869 3692 iu
892 3638 1056 3709 conspectu

226 3723 344 3781 virtutis
358 3723 436 3780 iliius
448 3724 654 3791 honorabitur,
667 3724 698 3781 ln
711 3725 811 3782 medio
829 3722 933 3799 populi
943 3721 1054 3783 exalta-

225 3810 316 3881 bitur,
327 3816 356 3869 et
367 3812 399 3870 in
411 3811 596 3885 plenitudino
604 3816 707 3870 sancta
717 3812 924 3880 admirabitur,
935 3814 966 3870 in
976 3812 1053 3871 mni·

226 3900 352 3958 titudine
364 3900 663 3959 electorumhabebit
686 3900 818 3964 laudem,
835 3902 951 3960 etinter
963 3905 1053 3961 benc·

226 3987 323 4047 dictos
335 3989 536 4055 benedicetur,
548 3990 651 4047 diceus
664 4002 673 4047 r
684 3989 775 4058 Quasi
787 3989 895 4047 cedrus
923 3989 1053 4051 exaltata

227 4088 295 4134 sum
306 4078 337 4134 iu
356 4073 1050 4152 libano,etquasleypressusiumontemSicut

226 4166 314 4239 quasi
326 4166 428 4240 palma
441 4166 646 4225 exaltatasnm
661 4167 692 4224 in
705 4166 810 4237 cades,
824 4172 853 4225 et
865 4168 954 4243 quasi
968 4168 1053 4243 pian-

1450 883 1595 956 Hymnus.

1251 970 1490 1029 Laudembeete
1512 969 1632 1028 liulallns

1216 1059 1295 1116 Puro
1323 1067 1467 1117 cenamus
1490 1065 1629 1133 pectore:

1218 1148 1313 1214 Quium
1326 1148 1458 1206 Ohristua
1473 1149 1548 1205 inter
1562 1149 1701 1222 uertyres

1218 1238 1306 1295 casto
1320 1238 1447 1296 sacravit
1461 1237 1618 1308 sanguines

1253 1327 1325 1394 Qun
1344 1326 1445 1384 aleius
1459 1325 1543 1383 duris
1555 1325 1702 1400 postibus,

1217 1417 1353 1488 interque
1368 1413 1457 1471 lorias
1475 1407 1632 1481 cardinem

1218 1503 1329 1570 Somni,
1344 1503 1463 1577 cibique
1477 1503 1578 1560 nescia

1217 1591 1365 1648 Christum
1377 1591 1504 1649 donabat
1517 1589 1651 1665 pervigil.

1254 1681 1359 1736 Gustus
1373 1679 1519 1737 tremendi
1529 1679 1652 1738 luminis

1218 1769 1278 1825 Lux
1289 1769 1427 1842 stupebat
1443 1770 1473 1826 in
1488 1770 1617 1827 vinculis

1218 1857 1250 1914 lu
1264 1857 1397 1916 Carceris
1427 1859 1566 1931 augustis

1217 1937 1320 2004 Mentis
1333 1947 1428 2004 beatae
1456 1946 1579 2019 gaudia.

1251 2035 1347 2092 iudex
1371 2035 1470 2092 lurore
1485 2035 1633 2102 turbidus,

1218 2123 1454 2195 Surgitcruentls
1484 2123 1631 2190 lancibus,

1217 2213 1251 2269 ili
1263 2212 1397 2286 increpet
1412 2213 1506 2270 noetis
1521 2219 1652 2285 moram,

1217 2301 1357 2358 sanctam
1386 2301 1513 2358 daturus
1528 2301 1668 2359 hostiam.

1252 2390 1403 2463 uentoque
1417 2390 1515 2464 prium
1534 2390 1656 2448 verbere

1216 2477 1323 2535 Christi
1335 2477 1435 2552 puella
1455 2477 1576 2536 creditur
1590 2495 1597 2547 ;

1216 2567 1273 2624 sed
1293 2575 1468 2625 consecrare
1494 2567 1640 2642 perneget

1217 2647 1361 2714 libamen
1376 2657 1434 2714 aris
1457 2657 1596 2730 impium.

1251 2747 1332 2802 Tunc
1346 2746 1377 2802 iu
1389 2745 1484 2803 reciso
1499 2743 1596 2820 stipite

1217 2834 1317 2892 Duclis
1338 2835 1368 2891 in
1387 2834 1482 2892 altum
1495 2831 1636 2900 brachiis,

1217 2924 1306 2981 latua
1323 2922 1433 2980 Puelite
1457 2922 1593 2992 ceditur,

1218 3004 1362 3086 ltudaqus
1378 3011 1511 3070 llammis
1531 3011 1634 3069 uritur.

1252 3094 1354 3160 Victor
1366 3100 1478 3159 recedit
1498 3101 1630 3177 spiritus,

1216 3190 1330 3265 Gorpus
1344 3188 1515 3265 relinquens
1540 3188 1688 3267 pallidum
1702 3208 1708 3259 ;

1217 3278 1302 3347 Quod
1314 3278 1379 3351 lege
1404 3279 1509 3337 mortis
1536 3278 1687 3355 perditum

1217 3368 1349 3427 lieducat
1360 3368 1399 3427 ed
1417 3368 1510 3426 vitam
1526 3370 1612 3426 heus.

1252 3455 1319 3515 iam
1332 3458 1396 3530 jam
1411 3456 1501 3533 quieti
1525 3456 1648 3532 psallite,

1217 3546 1358 3621 Patrique
1371 3546 1494 3604 tetidem
1517 3544 1615 3616 dicite,

1216 3636 1427 3710 Christumque
1455 3636 1613 3694 laudemus
1633 3634 1725 3710 pium,

1214 3724 1368 3799 Simulque
1393 3726 1534 3783 sanctum
1549 3723 1702 3799 Spiritum.

1250 3812 1319 3871 lleec
1336 3818 1391 3871 uos
1406 3814 1533 3871 redemit
1546 3812 1683 3880 Trinitas,

1215 3904 1306 3976 Cuius
1325 3902 1465 3977 perennis
1480 3901 1577 3975 gioria

1214 3994 1245 4050 ih
1262 3991 1351 4051 siecle
1362 3992 1456 4050 nescit
1471 3992 1558 4057 mori,

1214 4080 1322 4138 Vivens
1334 4096 1387 4155 per
1400 4094 1491 4138 omne
1511 4078 1664 4137 saccutum.

1249 4172 1357 4227 Amen.

226 4256 298 4312 tatio
311 4270 387 4311 rose
399 4255 430 4311 in
441 4254 556 4311 iericho
570 4255 760 4321 :onasioiisa
777 4258 913 4329 speciosa
925 4258 956 4314 ln
971 4272 1052 4315 eam·
1142 4256 1340 4329 supplicatio.
1354 4256 1480 4317 oremus
1491 4256 1721 4332 Redemptorem
1735 4250 1853 4325 mundi,
1871 4266 1932 4315 situ·

225 4342 314 4417 pluet
324 4342 411 4415 quasi
426 4342 566 4415 platanus
577 4341 702 4400 dietate
723 4358 791 4401 sum
803 4346 889 4418 iuxta
899 4347 1052 4421 aquamin
1069 4384 1093 4444 D
1108 4348 1307 4416 toiosomiue,
1320 4346 1377 4419 sol.
1392 4361 1538 4406 ccxxxur.

225 4429 343 4503 plateis.
353 4429 433 4488 Sicut
446 4430 670 4488 cinnamomum
692 4433 887 4507 aspalathum
911 4436 1052 4493 aromati·
1144 4436 1291 4509 capituto.
1306 4436 1505 4495 nominalesu
1515 4434 1637 4502 Christe,
1654 4434 1701 4493 cut
1716 4434 1806 4494 beata
1819 4432 1931 4493 Budalia

225 4532 298 4578 sans
309 4518 436 4580 ederem
446 4517 629 4593 dedisquesl
639 4522 763 4595 myrrha
772 4523 942 4583 eiectadedi
953 4525 1052 4584 suasi·
1107 4528 1136 4585 et
1150 4526 1234 4598 virgo
1249 4524 1368 4599 placuit,
1384 4530 1414 4583 et
1426 4528 1541 4600 martyr
1569 4522 1715 4583 adhaesit:
1730 4524 1805 4582 dum
1831 4521 1884 4584 tibi
1905 4526 1932 4581 et

226 4610 317 4667 istem
329 4608 428 4670 odoris
444 4608 545 4682 :quast
563 4615 675 4678 storax,
686 4612 1050 4687 etesibanusetungula,
1107 4614 1190 4687 sirpo
1203 4619 1463 4690 permanateaste,
1479 4622 1507 4672 et
1518 4630 1572 4689 pro
1586 4620 1613 4672 te
1634 4614 1804 4671 extenditur
1828 4610 1860 4671 in
1887 4628 1931 4670 ea·

224 4703 254 4756 et
267 4702 357 4769 gnita,
372 4704 402 4757 et
415 4698 504 4773 qnasi
516 4697 639 4756 libanus
659 4709 720 4758 uon
739 4702 880 4761 incensus
909 4704 1052 4778 vaporavi
1107 4708 1203 4772 teste;
1217 4704 1290 4761 dum
1303 4702 1356 4764 tthi
1371 4718 1480 4777 corpus
1496 4703 1594 4760 servat
1615 4702 1773 4775 integrum,
1798 4706 1827 4759 at
1838 4702 1930 4777 prote

223 4785 1051 4863 habitationemmeam,etqnasibalsamumnoumistum
1107 4792 1217 4868 gaudet
1230 4792 1352 4865 ungulis
1373 4798 1528 4849 exaratum
1544 4790 1628 4865 :ejus
1657 4788 1818 4867 pudicitie,
1843 4796 1931 4864 atque

225 4877 302 4935 odor
318 4892 413 4935 mens.
430 4880 492 4949 spe
502 4880 591 4951 quasi
608 4878 793 4937 terebinthus
807 4881 938 4954 expandi
951 4894 1053 4939 ramos
1106 4882 1237 4941 victorie
1249 4872 1364 4949 lenens,
1380 4878 1467 4939 nobis
1487 4880 1630 4955 propitius
1657 4889 1722 4937 esse
1744 4878 1870 4951 dignare
1885 4876 1931 4949 ;ut

224 4966 871 5041 meos,etrsmimelramlhonortsetgrattte.
889 4970 951 5040 ligo
965 4970 1052 5044 qussi
1107 4973 1137 5030 et
1150 4970 1345 5029 immunditias
1370 4976 1481 5029 nostre
1511 4971 1576 5041 eius
1602 4968 1737 5026 oratioue
1761 4964 1930 5031 abluamur.

223 5052 1052 5117 sitislructitieasiodoremsuavitatiszetiloresmeinores
1107 5056 1250 5136 [cccxcvi]
1264 5058 1524 5131 ettormentaejus
1539 5054 1711 5115 tortitudine
1735 5054 1929 5115 resolvantur.

224 5141 1051 5219 honorisethonestatisiigomaterpulchrtedileciionis‚

225 5238 255 5291 et
266 5232 391 5300 umore,
406 5238 437 5291 et
449 5234 620 5305 mulionis,
632 5242 744 5293 sancte
756 5235 829 5309 spei.
843 5234 876 5293 ln
895 5245 942 5294 ma
956 5240 1053 5310 pratia

1143 5150 1229 5206 Pater
1240 5154 1349 5206 noster.
1367 5134 1524 5205 liberatis
1549 5142 1639 5203 malo.
1651 5138 1706 5216 sot.
1726 5138 1753 5201 t.

1143 5238 1258 5297 heudo.
1272 5234 1353 5297 Sicut
1374 5234 1475 5310 palma
1491 5233 1621 5293 exaltata
1645 5241 1724 5291 sum.
1748 5226 1929 5290 benedictio.

224 5320 400 5381 omnlstitss
415 5324 592 5391 alteritatis,
612 5324 644 5381 in
661 5340 709 5382 me
731 5324 831 5382 omnis
849 5339 919 5399 spes
941 5328 1010 5384 vitre
1024 5326 1053 5385 et
1107 5328 1185 5385 Deus
1196 5326 1346 5385 virtutum.
1360 5324 1533 5399 Requireie
1548 5319 1927 5397 tespeusprasesestues.

225 5410 329 5468 sirius.
338 5410 472 5470 Transito
481 5414 576 5470 adme
583 5413 748 5489 omnesqui
767 5414 977 5491 concupiscitis
992 5434 1051 5486 met

1350 5413 1387 5473 Iis
1401 5418 1527 5474 ueste
1542 5410 1679 5485 Vespere.

226 5501 605 5570 stsmessttenllsusmsis
623 5502 792 5577 implemini
807 5504 952 5579 sepultas
971 5507 1053 5566 euim
1145 5500 1259 5567 Medo.
1276 5506 1406 5565 Luter'ua
1420 5502 1550 5580 pedibus
1574 5500 1660 5565 theta·
1674 5498 1731 5577 soi.
1743 5504 1804 5561 nr.
