4117 6175
280 204 348 262 tw
919 179 1149 246 anevtlfflllll
1169 177 1366 239 aorfllcull.
1880 181 1927 238 leae
1983 222 1988 231 .

279 341 358 392 mas,
380 323 477 382 diluat
495 321 612 395 culpas,
633 316 782 391 impartiat
799 314 938 387 gratiam,
958 315 987 368 et
1005 308 1106 366 arceat
1121 305 1145 360 ll
1159 318 1232 362 nore
1245 307 1355 365 sancte
1370 302 1519 374 lingonie-
1535 299 1858 374 snpplicatioorcmus.
1870 301 1930 373 dupi-
1983 332 1988 341 ·

277 427 477 489 quaecumque
489 410 576 468 nobis
590 409 728 466 videntur
742 421 806 463 esse
818 403 956 462 adversa.
977 399 1006 456 Si
1025 397 1105 454 enim
1161 391 1235 450 talu.
1253 391 1361 454 Videte,
1374 392 1479 448 videte.
1494 389 1529 446 lu
1547 389 1679 456 Vespera
1686 389 1895 459 precedentibus.

277 503 484 575 rogaverimus
497 515 567 558 eum
577 497 765 566 fiducialiter,
775 509 844 568 spes
857 490 945 550 nobis
958 493 1012 559 ast,
1023 485 1106 561 quod
1196 479 1359 555 [socruum]
1372 480 1487 538 lunda.
1503 480 1579 535 Laus
1593 476 1708 534 bomini
1719 476 1749 532 in
1764 475 1875 534 Ecclesia
1885 479 1933 536 Sm-

279 590 419 650 exaudiet
429 604 535 648 rooem
549 586 644 645 nostri
660 585 811 651 clamoris,
826 597 897 639 cum
916 577 957 636 ad
977 592 1057 647 eum,
1071 588 1108 632 aa
1161 576 1285 626 ntorum.
1298 567 1431 627 Alleluia.
1447 571 1477 626 P.
1494 569 1617 624 Laetetur
1633 565 1717 624 lsrael
1740 565 1872 639 incoqui
1891 567 1935 624 ierit

280 696 349 756 quas
359 678 565 737 nominatam
580 674 693 732 Christo
703 673 847 731 edocente
856 667 1028 734 didicimus,
1041 677 1108 737 pro-
1161 658 1262 732 ipsum
1285 657 1418 724 Alleluia,
1434 655 1563 722 alleluia,
1586 654 1711 712 alleluia.
1732 652 1763 716 i.
1782 655 1884 712 leale
1898 655 1936 712 llo

280 767 511 827 clamaverimus
523 779 539 821 e
552 763 637 821 terris
659 773 668 825 :
1162 747 1245 805 mino
1254 748 1526 804 canticumnovnm
1539 761 1546 803 :
1557 742 1856 820 quiamirabulraiaeit.
1865 743 1889 796 P.
1899 745 1937 800 le·

316 857 403 913 Pater
415 860 525 913 noster.
541 851 697 910 Liberalia
712 847 803 907 main
811 848 869 919 ful.
885 850 911 904 2.
1162 839 1239 894 tetur
1252 833 1352 892 lsrael.
1368 833 1401 897 lt.
1413 834 1521 906 Gloria,
1534 837 1562 890 et
1576 831 1683 890 bonor.
1703 831 1733 889 Ρ.
1747 832 1857 889 letetur
1868 831 1937 888 lsrael

317 944 494 1002 benedictio.
508 945 585 999 liena
596 943 844 1011 commonetque
854 928 1109 998 aeternus,terrlbi·
1198 923 1379 982 Berredictiu.
1409 925 1486 980 Deus
1507 937 1646 980 summus
1665 925 1753 996 etque
1781 928 1896 978 munus.
1916 923 1939 977 lr

280 1031 329 1099 lis,
341 1033 372 1089 in
385 1030 473 1103 cujus
486 1028 640 1086 servilium
650 1026 783 1100 Eugenia
794 1023 872 1082 virili
883 1022 996 1091 babitu,
1005 1019 1109 1075 daton·
1169 1011 1302 1084 vesperis
1313 1011 1558 1084 precedentibus.

282 1119 324 1178 sis
338 1118 483 1186 crinibus,
495 1134 527 1174 aa
537 1116 643 1175 obtulit
659 1114 848 1180 servituram,
863 1111 953 1169 iaciat
967 1123 1020 1167 sos
1041 1106 1108 1163 des·
1506 1099 1564 1157 lllll
1581 1100 1647 1158 lllll.

282 1209 370 1268 sactis
388 1213 479 1282 alque
492 1205 595 1264 recisis
609 1205 688 1262 curis
706 1202 815 1269 saculi,
831 1196 1055 1275 adprehendere
1068 1193 1110 1251 si·
1317 1207 1343 1248 su
1363 1207 1447 1249 rasso
1466 1205 1559 1248 aaron
1576 1205 1651 1248 unsri
1669 1205 1703 1246 ar
1720 1205 1822 1247 ianuar.

283 1302 344 1356 lam
359 1294 607 1354 immaculatum:
624 1305 655 1364 ie.
668 1297 771 1350 tmen.
787 1290 900 1363 Quique
911 1289 978 1359 eius
992 1282 1110 1355 virgini·
1466 1279 1515 1337 ld
1531 1279 1702 1350 vesperum.

283 1391 374 1443 tatem
389 1383 556 1442 ldelantiam
572 1379 724 1438 fallentem
737 1376 927 1434 manifestam
943 1372 1040 1430 effecit
1060 1387 1110 1430 cu·
1199 1368 1312 1428 Lauda.
1326 1368 1472 1426 Exortum
1495 1373 1550 1426 est.
1575 1368 1662 1426 Sauo.
1679 1367 1804 1426 Gaudete
1820 1367 1887 1440 justi.
1900 1369 1942 1424 iol.

282 1473 348 1531 nois
360 1470 550 1546 populorum,
562 1469 700 1527 ostendat
712 1467 743 1522 in
757 1465 845 1523 vobis
859 1461 979 1521 divitias
992 1459 1110 1518 miseri·
1164 1475 1247 1518 esav.
1262 1458 1447 1530 Arrtipbono.
1468 1457 1615 1516 Gaudium
1629 1472 1782 1530 magnum.
1801 1455 1896 1514 modu.
1908 1455 1944 1512 le

284 1559 454 1619 cordiarum
469 1567 653 1629 suarumffl.
668 1559 773 1613 Amen.
788 1557 884 1626 lltqne
899 1567 968 1608 cnm
978 1549 1029 1607 illa
1042 1551 1112 1624 post
1164 1547 1226 1606 niet
1244 1547 1396 1606 Dominus.
1411 1547 1467 1619 fol.
1481 1562 1605 1604 cccxxv.

284 1638 1110 1718 umsitummereaminipartemhabere,quaprochristo
1127 1657 1148 1714 p
1501 1635 1650 1707 Hymnus.

284 1736 411 1796 llomino
421 1751 477 1794 suo
490 1735 600 1792 meruit
611 1733 749 1792 laureari.
766 1744 799 1803 iu.
813 1734 917 1788 Amen.
1213 1721 1218 1726 ’
1235 1727 1295 1784 Vox
1308 1740 1377 1782 ecce
1386 1727 1492 1782 Vatum
1506 1723 1608 1781 vivida
1626 1727 1767 1796 personat

319 1825 375 1882 1³01·
383 1822 630 1883 misericordiam,
1200 1814 1303 1872 venire
1319 1813 1477 1880 Christum,
1493 1813 1637 1886 nascique
1649 1812 1784 1880 nunliel;

320 1914 437 1973 Lauda.
453 1913 604 1971 Gaudium
617 1913 844 1984 sempiternum.
854 1910 912 1980 sol.
928 1922 1012 1966 cuxu-
1201 1905 1284 1962 Nune
1299 1903 1373 1960 iesta
1386 1902 1474 1974 cujus
1488 1901 1574 1976 plebe
1590 1902 1641 1974 pla
1652 1901 1796 1970 celebrat;

322 2003 436 2061 Oratio.
452 2005 540 2074 Deua,
555 2001 608 2076 qui
627 2001 738 2058 sanctis
753 1998 812 2056 tuis
833 1997 971 2070 Eugenlae
991 1993 1110 2066 virgini,
1201 1993 1273 2059 Qum
1293 1991 1389 2048 lenens
1404 1989 1517 2049 undam
1531 1989 1662 2048 lucidam
1678 1990 1828 2064 promicat.

286 2090 393 2162 atejus
413 2089 576 2148 comitibus
594 2088 777 2162 martyribus
797 2090 912 2144 tantam
931 2083 1060 2155 gratiam
1080 2081 1111 2138 in
1237 2081 1331 2149 Quem
1344 2077 1489 2138 Gabrielis
1503 2095 1561 2137 vox
1576 2078 1658 2137 clara
1672 2081 1790 2137 nuntiat
1797 2096 1807 2153 ;

285 2179 429 2253 passione
443 2176 565 2246 dedisti,
577 2183 610 2234 ut
622 2176 922 2248 insigniterapertum
931 2172 1001 2230 lldei
1011 2172 1111 2228 vince·
1201 2170 1296 2236 Quem
1310 2167 1398 2239 Virgo
1415 2167 1501 2242 parit,
1518 2184 1586 2243 quaa
1596 2168 1661 2227 sola
1674 2169 1783 2234 rutilat,

285 2274 352 2326 rent
365 2267 492 2333 lausum,
508 2264 736 2340 quamprimum
749 2261 939 2338 spiritualiter
954 2262 986 2317 in
1001 2258 1113 2318 aebella
1202 2259 1321 2315 Foelosa
1335 2257 1482 2331 virgoque
1496 2257 1596 2326 lactat,

287 2353 334 2413 sui
350 2354 482 2428 corporis
492 2352 691 2411 devicissent:
706 2363 806 2426 prauae
818 2349 907 2408 nobis
916 2348 1061 2408 auxilium
1074 2348 1112 2406 de
1202 2346 1363 2420 Nutrixque
1377 2349 1464 2418 virgo
1483 2363 1515 2404 se
1526 2347 1574 2404 eui
1588 2346 1719 2406 dedicat.

288 2447 340 2504 tua
353 2442 461 2518 pielate
473 2441 693 2508 firmissimum,
713 2456 774 2516 quo
796 2439 914 2510 muniti,
933 2444 1024 2512 atque
1038 2453 1113 2512 prm·
1238 2436 1327 2508 Cujus
1339 2435 1439 2494 dicata
1456 2435 1558 2511 passio
1573 2441 1728 2511 provocat,

287 2533 385 2604 cincti,
408 2535 438 2590 et
463 2530 658 2590 rebellantem
677 2527 794 2604 spiritui
816 2543 938 2586 carnem
958 2526 1113 2584 adeamus
1203 2525 1238 2583 Ut
1249 2523 1317 2599 quis
1329 2523 1428 2582 fidelis
1443 2524 1590 2597 sanguine
1603 2525 1720 2592 rubeat,

288 2637 489 2697 compescere,
514 2626 542 2678 ct
565 2635 622 2678 une
645 2619 729 2693 ipsos
752 2617 916 2692 intrepidos
940 2615 1113 2674 studeamus
1203 2615 1237 2670 El
1250 2612 1401 2688 passionis
1419 2630 1542 2672 munere
1556 2613 1676 2688 polleat,

287 2709 374 2769 bellis
385 2708 588 2785 spiritualibus
604 2722 786 2783 praeparare.
801 2719 834 2775 le.
847 2705 951 2766 Amen.
1204 2705 1334 2777 Utroque
1347 2718 1415 2760 sese
1429 2703 1536 2776 perimi
1552 2703 1692 2775 gaudeat.

326 2799 383 2857 Per
396 2797 642 2857 misericordiam.
1238 2791 1321 2860 iusti,
1335 2799 1363 2850 el
1374 2791 1492 2850 Abundi
1503 2807 1595 2867 quem
1611 2791 1696 2866 sequi
1711 2793 1830 2850 cursitat

570 2887 619 2944 tu
636 2886 830 2944 Matutinum.
1203 2881 1294 2940 Sacra
1306 2881 1443 2940 voluutas
1455 2899 1463 2952 ;
1477 2897 1569 2958 quem
1583 2897 1706 2956 quoque
1719 2881 1832 2939 nuntiet

324 2977 508 3047 Asrtipbunn.
525 2976 568 3032 Da
582 2973 681 3031 nobis.
698 2975 829 3032 psalmus
844 2989 871 3028 ι..
892 2973 1001 3032 Oratio.
1013 2970 1114 3029 liedda
1129 3000 1152 3062 c
1205 2970 1295 3045 Sequi
1308 2971 1415 3028 debere
1427 2988 1435 3041 ;
1449 2971 1500 3046 qui
1514 2972 1542 3030 in
1556 2971 1614 3027 fide
1629 2971 1726 3029 latitat

288 3060 387 3120 nobis.
409 3063 476 3120 l'ol.
496 3077 587 3120 cursu.
610 3061 790 3131 antiplona.
802 3060 901 3121 Sancti
921 3061 963 3120 tui
978 3061 1113 3120 Domine.
1204 3059 1242 3119 Se
1256 3061 1318 3119 iore
1330 3060 1434 3119 iorlem
1451 3076 1583 3136 voceque
1595 3060 1715 3133 jubilat.

289 3151 403 3208 Oratio.
416 3150 540 3209 Sanctus
549 3156 617 3207 tuos
633 3147 755 3207 Domine
773 3151 936 3222 Eugenium
946 3154 974 3209 et
984 3151 1050 3223 ejus
1062 3152 1115 3209 Co-
1239 3150 1298 3210 llos
1310 3150 1391 3209 bunc
1404 3158 1573 3225 sequentes,
1585 3151 1687 3223 perimi
1701 3150 1817 3223 judicat

288 3239 376 3297 miles
392 3239 533 3313 martyris
546 3238 720 3296 virtututum
734 3237 864 3297 dexterae
877 3237 979 3307 lullos,
991 3239 1112 3297 invicto.
1203 3238 1414 3309 Numerianus,
1429 3240 1481 3314 qui
1497 3239 1618 3313 Olybrio
1628 3239 1686 3297 hoc
1695 3241 1824 3314 imperat

290 3327 393 3397 Quaere
403 3328 463 3399 sol.
478 3343 570 3385 aaran
768 3396 771 3402 Ι
1205 3330 1240 3387 Ut
1253 3330 1434 3388 Christianos
1448 3328 1510 3387 ensi
1524 3329 1674 3401 subjiciat,

325 3416 514 3490 antiplona.
531 3415 631 3477 Sancti
643 3416 696 3487 tui,
709 3416 844 3484 Domine,
860 3414 998 3475 mirabile
1012 3431 1114 3475 consc-
1204 3417 1369 3493 Christique
1385 3418 1491 3476 Servos
1503 3416 1664 3492 publicitus
1673 3416 1826 3493 opprimat

288 3506 350 3565 culi
365 3515 435 3566 sunt
449 3508 511 3574 iter,
527 3505 726 3563 deservientes
735 3506 892 3579 praeceptis
906 3506 977 3575 tuis,
991 3511 1023 3563 ul
1034 3506 1114 3564 inre·
1238 3508 1354 3565 lustum
1370 3522 1407 3565 en
1422 3506 1572 3580 Olybrius,
1587 3512 1618 3563 ut
1632 3504 1716 3564 audii

290 3596 425 3655 nirenlur
437 3594 531 3653 inlesi
546 3595 576 3651 in
590 3610 673 3669 aqua
693 3594 802 3651 salida.
817 3595 847 3653 P.
869 3596 958 3652 Terra
978 3595 1117 3669 apparuit
1205 3596 1312 3654 Furore
1324 3602 1440 3670 raptus,
1455 3611 1510 3653 neo
1526 3610 1601 3653 neve
1615 3594 1764 3669 queritat,

289 3684 375 3745 arida
390 3688 419 3741 et
437 3682 561 3740 inmari
577 3683 669 3741 rubro
687 3682 735 3741 via
759 3683 823 3741 sine
841 3682 1068 3757 impedimento.
1082 3683 1114 3744 l.
1206 3686 1234 3743 si
1249 3680 1435 3743 Christianus
1448 3685 1512 3758 ipse
1526 3684 1561 3741 sil
1571 3683 1707 3758 exploret
1722 3701 1728 3741 :

291 3772 495 3833 confiteantur
505 3772 632 3831 Domino
647 3772 946 3847 misericordiaeque,
958 3772 1117 3831 etmiuabi·
1205 3774 1262 3832 Sed
1277 3774 1380 3832 Christi
1401 3776 1509 3833 Servus
1522 3771 1601 3831 illico
1612 3771 1769 3831 clamitat:

289 3862 329 3919 lia
342 3860 408 3935 eius
422 3859 491 3917 liliis
509 3860 676 3918 homiuum.
691 3859 725 3920 P.
735 3860 825 3919 Terra
838 3862 987 3936 apparuit.
1003 3859 1034 3923 lt.
1052 3861 1116 3921 Glo·
1241 3864 1277 3920 Sa
1291 3878 1356 3920 esse
1370 3861 1489 3919 fidelem
1505 3882 1511 3923 :
1526 3876 1581 3919 uec
1596 3860 1673 3919 mori
1685 3860 1811 3919 dubitat.

289 3950 334 4009 ria
345 3955 374 4009 et
387 3949 495 4011 honor.
511 3948 545 4009 P.
557 3952 656 4007 Terra.
700 3978 703 3983 ·
1207 3950 1321 4009 Pressas
1332 3951 1363 4007 in
1378 3952 1418 4009 lta
1430 3950 1607 4009 conterritus
1621 3954 1767 4023 provocat

327 4040 438 4100 Oratio.
459 4042 546 4107 Deus,
562 4041 614 4114 qui
628 4040 754 4113 Sanctis,
767 4048 801 4099 ut
815 4040 866 4099 bic
879 4056 982 4113 rupen.
1205 4040 1336 4098 llembra
1351 4040 1458 4108 fidelis,
1472 4056 1526 4098 neo
1541 4054 1616 4097 nese
1630 4037 1782 4105 clamital;

325 4128 511 4201 Antiphone.
528 4128 614 4186 Salus
627 4129 790 4201 iustorum.
799 4131 857 4201 sol.
873 4145 1009 4189 cmxviii.
1208 4134 1242 4187 tlt
1254 4128 1336 4187 hunc
1351 4136 1484 4188 rotarum
1503 4144 1552 4186 ars
1568 4143 1646 4187 aava
1660 4128 1803 4203 proterat.

326 4218 439 4276 Oratio.
456 4216 544 4283 Deus,
560 4216 655 4290 quiet
670 4218 805 4275 virtutem
825 4219 951 4290 Sanctis,
966 4223 994 4276 et
1007 4218 1116 4277 sancli-
1243 4220 1299 4277 Sed
1313 4235 1398 4276 meus
1411 4219 1504 4277 ditata
1517 4217 1640 4275 minime
1654 4216 1801 4291 trepidat,

290 4306 401 4364 monim
415 4310 594 4363 ornamenta
605 4304 723 4376 largiris
735 4322 743 4372 ;
755 4306 835 4364 hauc
848 4307 1008 4365 Ecclesiam
1021 4308 1052 4365 in
1065 4308 1116 4367 ho
1207 4310 1343 4382 voceque
1358 4308 1439 4365 clara
1452 4306 1567 4365 cantica
1581 4306 1689 4379 jubilat
1703 4322 1711 4363 ε

289 4407 395 4451 norem
408 4396 577 4467 martyrum
591 4393 730 4464 lingenlre
748 4394 885 4465 virginis,
901 4398 1004 4469 eteius
1019 4396 1117 4455 Comi·
1206 4399 1302 4466 Quem
1312 4397 1367 4454 eibi
1384 4396 1515 4455 Christus
1528 4397 1569 4453 ita
1581 4396 1730 4463 mirilical,

291 4485 356 4539 tum
370 4480 570 4555 exhibentem,
588 4482 755 4541 sanctitatis
770 4498 900 4557 perorna
916 4486 1086 4558 insignibus
1107 4502 1114 4544 ε
1207 4488 1242 4545 llt
1256 4494 1326 4544 vola
1340 4486 1473 4554 vincens,
1486 4486 1551 4558 iam
1565 4484 1640 4543 luber
1658 4483 1775 4541 offerat.

291 4575 324 4629 ut
334 4570 387 4645 qui
401 4570 565 4643 gloriantur
576 4571 703 4629 victores
716 4573 868 4648 triumpho
878 4580 955 4633 stare
963 4578 1114 4650 Martyres,
1243 4576 1336 4634 Ferox
1349 4578 1505 4649 Tyrannus
1521 4574 1643 4633 vocibus
1660 4572 1779 4632 intonat
1798 4590 1805 4629 ι

290 4661 349 4719 sint
360 4660 477 4719 eternis
497 4662 673 4719 Sanctorum
694 4667 812 4721 tuorum
827 4663 1015 4724 ielicitalibus
1036 4682 1116 4724 com·
1207 4668 1322 4723 Fornax
1336 4671 1368 4722 ut
1379 4673 1464 4723 atrox
1477 4664 1598 4736 ignibus
1608 4666 1721 4731 ardeat,

290 4749 378 4824 plexi.
398 4760 431 4823 lu.
443 4752 547 4808 Amen.
1206 4754 1296 4813 Testis
1308 4760 1337 4812 et
1348 4752 1425 4810 almi
1440 4754 1578 4811 mambra
1593 4752 1747 4827 suscipiat,

325 4839 377 4896 Per
391 4838 636 4899 misericordiam.
1207 4843 1317 4903 Offerre
1330 4843 1416 4901 thure
1429 4845 1538 4916 llarlyr
1553 4849 1584 4899 ut
1596 4841 1744 4906 ambulat,

326 4928 567 5000 descensorium.
584 4928 664 4989 Beati
677 4930 730 5004 qui
742 4930 865 4989 hebent.
877 4932 934 5003 soi.
955 4948 1047 4991 ccxvi.
1241 4934 1298 4992 Aut
1310 4932 1372 5005 igni
1383 4933 1428 4990 ira
1441 4936 1557 4990 concile
1567 4935 1669 5006 pereat
1682 4947 1689 4986 :

590 5019 626 5077 lu
644 5019 808 5078 Laudibus.
1210 5024 1305 5098 Seque
1320 5038 1428 5080 severe
1444 5021 1531 5080 morli
1547 5019 1701 5093 subiiciat,

325 5103 376 5163 dd
384 5106 901 5179 corticanumclipunumulllgsntas
912 5110 1115 5171 ledenticum.
1207 5113 1409 5185 Flammaque
1423 5114 1503 5182 rogis
1517 5110 1592 5169 citus
1606 5109 1749 5167 inhaereat
1764 5126 1772 5167 ε

291 5191 521 5266 Quispnnle.Ad
528 5195 714 5253 Benedictus.
725 5195 910 5267 Antiphane.
924 5198 1117 5258 Sanctietluu-
1207 5204 1248 5258 Na
1262 5201 1410 5258 contraire
1424 5198 1543 5275 presidi
1556 5198 1662 5256 valeat.

291 5280 389 5339 miles.
401 5282 564 5341 Canticum.
581 5285 761 5343 Benedictus
775 5301 817 5341 es.
829 5284 912 5343 Scau.
926 5286 1012 5345 Salus
1021 5289 1117 5360 iusto·
1243 5290 1299 5349 Sed
1314 5306 1404 5365 quem
1419 5290 1513 5348 «litata
1531 5304 1618 5347 meus
1633 5289 1710 5346 bene
1724 5282 1877 5348 sublevat;

290 5384 371 5429 rum.
385 5371 504 5432 Lauda.
520 5374 650 5432 laudate
661 5374 831 5431 Dominum.
845 5375 913 5432 Ful.
929 5392 1020 5436 ccxlv.
1043 5383 1117 5437 Pro·
1209 5384 1241 5439 lit
1258 5382 1429 5438 meritorum
1441 5380 1536 5453 gratia
1548 5378 1675 5447 dedicat,

290 5457 404 5527 pieria.
415 5458 567 5521 iustorum
582 5462 701 5522 anime.
713 5462 890 5523 Fuimus.
906 5464 1052 5541 Hymnus.
1063 5470 1118 5529 llo·
1206 5472 1264 5529 ileo
1279 5468 1403 5531 damma
1416 5466 1519 5539 uincit,
1532 5482 1587 5527 nco
1600 5466 1838 5543 poenasnpera13
