4117 6175
122 234 175 299 rin
869 237 1034 301 manet.
1697 256 1700 263 '
1771 256 1825 317 nin

152 358 319 419 Puseebsm
328 356 403 417 obes
414 357 508 433 patris
517 357 798 420 unimammas
813 356 946 425 lecerunt
960 366 985 423 t
1038 366 1153 425 Fratres
1166 368 1268 427 autem
1286 368 1347 427 mei
1360 364 1442 439 boni,
1458 373 1488 430 et
1498 376 1601 447 magni
1613 378 1624 406 *
1638 381 1666 439 et
1685 393 1748 439 neu
1768 380 1825 441 tuit

119 464 274 523 organum,
289 452 318 507 et
330 448 415 520 digiti
428 448 487 507 mci
495 449 675 508 abtaberunt
685 447 870 521 psalterium.
1000 452 1033 509 iu
1043 453 1084 509 cis
1098 453 1321 527 beneplacitum
1339 458 1475 516 Domino.

152 537 269 609 lituris
282 536 473 599 adnuntiabit
495 538 624 597 Domino
641 538 736 599 meo·
758 538 823 611 ipse
845 539 943 599 Domi·
1037 542 1121 601 Exibi
1140 544 1264 603 obviam
1283 546 1482 620 mamaeae*
1492 553 1521 609 ct
1540 551 1709 616 denutrabit
1730 573 1780 617 me
1792 559 1824 617 in

120 643 177 687 nus
188 626 411 685 umdibitme.
1000 632 1170 691 simulacris
1185 636 1261 694 suis.

153 718 218 790 lpse
241 715 397 775 exauditor
418 716 584 775 omnium·
610 716 677 789 ipse
694 716 778 775 misit
799 717 942 790 angelum
1035 723 1097 792 ligo
1109 728 1211 781 sutem
1226 726 1386 800 evaginato
1405 728 1445 787 ab
1459 744 1496 789 ec
1518 730 1635 791 babens
1648 734 1744 807 ipsius
1765 736 1825 809 gla-

120 822 220 872 snum,
233 809 264 864 et
274 805 401 866 tulit-ma
420 805 458 863 de
476 805 586 863 obibus
603 806 696 880 petris
715 805 787 874 snei,
811 808 841 864 et
857 807 944 866 unxit
998 809 1050 867 dio
1067 812 1224 884 amputabi
1236 822 1327 889 caput
1339 816 1403 877 eins
1414 818 1423 837 ·
1435 823 1465 878 et
1475 820 1584 879 abstuli
1597 823 1826 897 opprobriume

119 898 209 955 mein
226 895 434 955 misericmdia
450 895 601 955 unctionis
615 912 689 955 suar.
998 898 1069 957 tiliis
1083 901 1187 960 lsrael.

1241 1089 1824 1122 mm-

620 1212 1001 1367 insternar
1023 1213 1332 1343 clarior.

350 1493 483 1536 mancus
501 1483 713 1540 nsnsaaomuri.
1036 1483 1172 1547 Gentium
1183 1466 1542 1562 populusquisedebatin
1557 1485 1685 1547 tenebris
1695 1484 1770 1548 vidit
1780 1486 1823 1547 lu·

431 1568 568 1641 Capitale
581 1572 625 1627 33.
999 1586 1065 1631 cem
1088 1587 1233 1645 magnam
1263 1590 1270 1631 ε
1294 1572 1500 1636 habitantibus
1518 1574 1550 1635 iu
1568 1574 1690 1649 regione
1717 1574 1823 1638 umbre

150 1660 228 1714 dna.
239 1656 391 1728 Apparuit
404 1657 548 1720 Dominus
554 1658 590 1723 de
598 1664 697 1717 monte
707 1658 822 1724 Furem
837 1664 865 1716 et
877 1674 945 1717 cum
961 1696 983 1753 B
999 1662 1116 1729 mortis,
1129 1661 1179 1719 iux
1192 1662 1280 1721 horta
1295 1666 1339 1720 est
1353 1662 1405 1719 eis.

115 1762 148 1804 eo
163 1752 339 1803 sanctorum
357 1746 467 1805 millia.
1036 1749 1231 1823 llultiplieasti
1250 1754 1378 1821 gentem,
1400 1766 1462 1812 noa
1483 1751 1683 1823 magnificasti
1700 1752 1823 1811 lobiam

150 1834 300 1893 Donum
316 1834 353 1893 de
376 1836 446 1895 Sina
468 1837 565 1897 veniet
581 1857 587 1896 z
604 1840 633 1895 et
654 1838 689 1895 de
714 1837 775 1896 Scir
800 1841 882 1897 crtus
901 1839 946 1897 est
999 1836 1173 1895 letabuntur
1187 1852 1289 1900 coram
1303 1842 1331 1899 tc
1343 1837 1419 1895 sicin
1431 1836 1561 1900 letantur
1574 1838 1607 1897 iu
1619 1854 1735 1899 messe:
1749 1841 1826 1899 sicut

114 1922 219 1984 nobis.
999 1926 1136 1985 exultant
1148 1925 1285 1996 victores,
1296 1925 1420 2000 qnando
1435 1926 1572 1989 dudunt
1586 1928 1694 2001 spolie.

153 2012 305 2087 Apparuit
316 2012 460 2072 Dominus
479 2012 516 2073 de
530 2017 632 2073 monte
645 2014 763 2075 Faran:
784 2017 812 2071 et
825 2030 896 2073 eum
909 2030 945 2074 co
1036 2018 1143 2087 iugum
1155 2014 1236 2075 euim
1245 2015 1447 2085 boneriseius.
1456 2017 1609 2093 arrasam
1618 2018 1751 2079 humeris
1761 2020 1825 2079 eius

115 2107 291 2163 sanctorum
304 2102 395 2161 milia.
1000 2107 1029 2163 et
1042 2107 1193 2176 sceptrum
1207 2104 1356 2166 exactoris
1370 2104 1435 2164 eius
1453 2122 1459 2161 :
1476 2105 1624 2179 superasti
1638 2106 1713 2167 sicut
1731 2107 1763 2167 in
1777 2108 1825 2167 dic

150 2196 189 2249 ln
203 2190 324 2250 desbra
333 2192 396 2248 eius
405 2192 495 2264 ignca
506 2191 575 2250 lex:
591 2191 693 2251 dilexit
702 2192 842 2266 populos.
1000 2192 1130 2254 Madian.

155 2282 268 2339 Omnes
281 2280 375 2339 saneti
386 2281 416 2337 in
430 2296 523 2339 mann
534 2281 613 2339 ilius
629 2286 700 2339 sunt
713 2300 719 2339 :
730 2286 758 2339 et
770 2282 823 2355 qui
839 2280 947 2357 adpro·
1038 2280 1113 2349 Quia
1133 2283 1232 2343 omnis
1254 2280 1384 2346 violenta
1398 2281 1534 2359 predatio
1554 2298 1625 2347 cnm
1644 2284 1774 2347 tumultu
1796 2290 1827 2347 et

113 2370 269 2445 pinquant
286 2368 414 2443 pedibus
427 2370 491 2428 eius
503 2368 697 2445 accipientde
709 2370 945 2430 doctrinaillius.
999 2370 1212 2431 vestimentum
1235 2372 1613 2447 murmurmurmur
1637 2373 1669 2436 in
1687 2374 1828 2439 combus-

151 2461 261 2516 illauus
276 2458 340 2515 cius
352 2457 529 2532 pugnabunt
540 2475 595 2534 pro
608 2475 644 2517 eo
660 2476 667 2516 τ
684 2464 712 2542 et
726 2458 858 2533 [adiutor
869 2458 947 2516 illius
1001 2460 1081 2517 tione
1096 2464 1124 2517 et
1138 2460 1224 2519 cibus
1238 2460 1328 2533 ignis.

110 2553 225 2608 contra
238 2546 426 2605 adversarios
439 2548 503 2605 eius
512 2547 576 2607 erit.
1036 2548 1179 2609 Parvum
1196 2549 1277 2611 anim
1291 2552 1380 2613 natus
1396 2553 1440 2607 est
1454 2548 1545 2611 nobis
1576 2550 1656 2611 iilius
1668 2552 1755 2613 mins
1782 2558 1827 2612 cst

147 2637 276 2697 catulus
290 2636 386 2695 leonis
406 2636 478 2695 tinet
496 2636 619 2710 largiter
634 2638 671 2697 de
694 2641 792 2696 Busan
809 2637 947 2698 :babun
1000 2637 1108 2697 nobis:
1123 2642 1152 2699 ct
1166 2637 1263 2699 tactus
1279 2641 1325 2697 est
1344 2638 1526 2713 principatus
1542 2638 1607 2699 eius
1621 2655 1712 2717 super
1723 2640 1827 2701 bume-

107 2728 222 2787 dantia
231 2724 398 2799 perfruetur
411 2748 417 2786 :
432 2731 461 2785 et
473 2726 581 2800 plenus
603 2727 655 2785 erit
673 2725 880 2787 benedictione
893 2728 948 2788 Do-
1000 2740 1052 2785 ros
1060 2725 1134 2784 eius.

112 2817 195 2878 mini
207 2832 309 2887 mane,
321 2822 351 2875 et
363 2817 486 2876 meridie
500 2817 673 2893 possidebit.
1038 2818 1071 2871 lit
1082 2813 1235 2875 vocabitur
1248 2829 1360 2877 noman
1377 2814 1458 2873 cius:
1474 2813 1676 2883 adunandis,
1689 2814 1827 2879 consilia-

149 2906 248 2977 Quasi
262 2904 464 2980 primogenita
473 2908 551 2966 talari
565 2907 736 2981 pulcritudo
750 2907 814 2964 eius
834 2920 948 2967 cornua
1001 2903 1075 2969 rius..

107 2996 295 3055 rinocerotis
306 3011 420 3054 cornua
430 2996 509 3054 nnus
522 3016 530 3058 ;
547 2998 578 3055 in
587 2997 661 3071 ipsis
673 2994 826 3055 ventilabit
844 2999 948 3069 genas
1037 2994 1126 3067 Deus,
1140 2992 1233 3062 tortis,
1249 2998 1335 3070 pater
1348 2992 1438 3053 iuturi
1451 2992 1544 3053 seculi
1559 2995 1718 3071 :princeps
1731 2993 1826 3070 pacis.

108 3103 218 3162 usqne
231 3085 271 3146 ad
284 3086 427 3149 terminos
440 3091 524 3148 terre.
1040 3082 1131 3162 [uvi]
1145 3083 1383 3160 multiplicabitur
1404 3083 1468 3146 eius
1491 3083 1652 3160 imperium
1672 3103 1681 3148 ι
1704 3091 1733 3149 at
1744 3085 1827 3162 pacis

518 3178 553 3233 ll.
1001 3174 1066 3232 cius
1080 3174 1208 3234 nouerit
1221 3173 1299 3234 nnis.

331 3280 468 3324 munaus
486 3279 566 3323 sarrs
584 3281 737 3324 recusare.
1039 3266 1134 3338 Super
1158 3264 1268 3322 solium
1293 3263 1388 3322 David
1407 3261 1522 3322 sedebit
1536 3267 1570 3324 ¹et
1594 3279 1681 3340 super
1700 3277 1829 3334 ragnum

404 3355 567 3426 capitulae
587 3362 613 3414 et
632 3362 658 3414 9.
1002 3353 1066 3411 eius
1083 3357 1136 3410 :ut
1155 3351 1312 3410 confirmet
1325 3351 1398 3408 illud
1411 3355 1440 3408 et
1451 3351 1622 3411 corroboret
1633 3351 1665 3408 in
1680 3349 1830 3412 indicinet

146 3448 230 3504 Ans.
243 3443 317 3502 Deus
333 3443 425 3516 sertis
439 3460 529 3516 super
541 3449 660 3502 tronum
674 3444 769 3503 David
789 3443 898 3506 sedebit
914 3448 948 3502 nt
1001 3441 1115 3502 iustitia
1133 3441 1245 3500 amodo
1259 3444 1288 3500 et
1301 3440 1442 3514 usquein
1455 3440 1681 3515 sempiternum.

111 3536 277 3605 confirmet
287 3533 366 3590 illud
375 3550 467 3607 usque
481 3536 513 3591 in
527 3536 750 3608 senpiternam.
1038 3530 1122 3590 zelus
1139 3529 1257 3590 Domini
1276 3529 1461 3590 exeroitnnm
1475 3547 1484 3593 s
1496 3527 1584 3592 iactet
1596 3529 1664 3590 boc.

146 3624 227 3696 Ligu
244 3623 451 3682 testimonium
470 3611 503 3682 'et
525 3624 610 3696 sigua
626 3625 726 3696 legem
748 3625 779 3682 in
794 3621 948 3698 discipulis
1392 3621 1438 3676 lll.

108 3713 215 3774 meis:
233 3714 397 3790 expectabo
411 3714 583 3782 Dominum,
599 3715 652 3788 qui
666 3715 824 3775 abscondit
838 3712 948 3774 taciem
1199 3723 1335 3768 muricus
1361 3722 1441 3766 aslis
1463 3722 1616 3766 raornrrs.

112 3819 208 3862 suam
225 3803 349 3861 adorno
363 3802 456 3862 Jacob
471 3808 499 3861 et
513 3803 701 3877 prestolabor
716 3820 797 3861 eum.
1268 3797 1410 3868 capitulo
1428 3801 1459 3856 10
1473 3802 1501 3856 et
1518 3802 1562 3856 tt.

149 3896 229 3950 Ecce
248 3907 305 3964 ego
319 3897 348 3950 et
358 3891 445 3968 pueri
468 3910 547 3968 quos
562 3891 643 3950 dedit
667 3890 735 3950 mici
753 3892 899 3951 Dominus
916 3891 948 3949 in
1037 3887 1112 3946 dna.
1127 3886 1227 3946 liudis
1243 3887 1392 3960 Gessequi
1402 3892 1462 3946 stat
1474 3887 1505 3944 ia
1515 3885 1635 3960 sipaum
1646 3887 1829 3963 populorum

112 3984 243 4056 signum
256 3986 284 4039 et
296 3981 328 4040 in
340 3986 513 4057 portentum
526 3981 655 4041 Srubclis
669 4002 677 4042 ;
693 3999 712 4042 a
727 3980 853 4042 Domino
867 3996 949 4042 exer·
1001 3978 1100 4051 ipsum
1114 3981 1214 4048 pentes
1225 3975 1478 4047 deprecabuntur.

113 4075 247 4139 cituum,
261 4073 315 4145 qui
325 4071 441 4130 habitat
457 4072 490 4129 in
505 4076 606 4130 monte
618 4073 710 4144 syon.
887 4122 891 4140 ,
1036 4068 1109 4124 Ecce
1123 4065 1298 4126 Dominator
1307 4065 1452 4126 Dominus
1466 4065 1651 4127 ambituum
1665 4063 1832 4138 contringet

150 4163 187 4218 nt
196 4176 295 4234 quum
306 4160 434 4218 dixerint
443 4161 483 4219 ad
496 4176 549 4218 vos
569 4159 712 4234 queritea
726 4158 880 4233 pitonibus
895 4174 904 4220 z
921 4161 950 4217 et
1001 4154 1214 4216 launculamin
1224 4161 1350 4215 terrore:
1361 4159 1391 4212 ct
1400 4154 1509 4216 excelsi
1519 4158 1631 4216 statum
1641 4154 1831 4215 succidantur

116 4266 138 4308 a
153 4248 275 4317 divinis,
292 4249 343 4322 qui
359 4249 485 4307 strident
496 4248 528 4306 in
541 4248 794 4308 incantationibus
804 4247 876 4305 suis.
1002 4249 1031 4306 et
1050 4244 1192 4304 sublimes
1204 4243 1456 4304 humiliabuntur.

153 4339 310 4412 Numquid
330 4355 393 4398 nou
413 4340 580 4414 populosa
598 4341 659 4397 Deo
674 4355 731 4397 suo
750 4337 874 4412 requirit
894 4351 948 4412 pro
1038 4334 1072 4391 lit
1085 4333 1293 4392 subvertentur
1311 4332 1466 4392 condensa
1477 4331 1659 4392 saltusicrro
1674 4348 1681 4390 ι
1697 4335 1725 4390 at
1744 4331 1830 4394 Liba-

116 4429 196 4488 vivis
212 4444 248 4486 ac
259 4429 386 4488 mortuis
402 4449 409 4486 :
429 4433 459 4489 et
469 4430 511 4492 ad
527 4430 626 4502 legem
638 4428 745 4501 magis,
768 4431 795 4487 et
806 4427 847 4488 ad
868 4427 948 4486 testi·
962 4407 987 4471 D
1002 4437 1142 4482 nuscum
1156 4422 1279 4484 excelsis
1294 4422 1392 4483 cadet.

114 4519 271 4581 menium.
1038 4515 1072 4572 Et
1087 4511 1255 4586 egredietur
1277 4513 1361 4586 virga
1372 4512 1410 4571 de
1429 4510 1530 4573 radice
1545 4512 1649 4572 lasset
1670 4515 1698 4570 et
1715 4510 1772 4571 flos
1791 4511 1830 4570 de

154 4609 280 4679 Quodsi
292 4625 356 4668 non
370 4609 500 4670 dixerint
507 4612 591 4670 iuxta
599 4612 722 4669 verbum
732 4609 807 4670 hoc:
818 4624 882 4670 non
894 4609 948 4670 crit
1001 4602 1103 4662 radice
1116 4602 1180 4660 eius
1198 4601 1346 4661 ascendet·

115 4701 162 4760 sis
174 4699 325 4770 matutina
336 4699 398 4759 lux.
1037 4695 1071 4750 lit
1088 4692 1257 4764 requiescet
1270 4707 1360 4765 super
1372 4706 1442 4750 eum
1461 4690 1582 4765 spiritus
1600 4688 1728 4759 Domini,
1745 4687 1829 4761 spiri·

154 4793 190 4847 nt
208 4790 349 4849 usnsibit
363 4806 416 4865 per
431 4807 509 4863 eam,
533 4795 563 4848 st
581 4795 700 4848 corruet
720 4793 750 4849 el
772 4789 882 4850 esuriet
898 4791 949 4848 :et
1001 4787 1049 4842 tus
1064 4779 1210 4856 sapientie
1223 4780 1435 4848 utintellectus,
1453 4781 1575 4858 spiritus
1599 4777 1715 4839 consilii
1729 4781 1757 4834 et
1771 4776 1829 4836 lor-

112 4895 189 4941 eum
211 4880 349 4941 aurant
366 4880 511 4943 buntur
527 4884 557 4943 ct
569 4879 729 4940 maledicet
748 4880 811 4952 regi
835 4894 891 4940 suo
919 4880 950 4935 et
1002 4871 1144 4944 titudinis,
1168 4870 1291 4945 spiritus
1304 4871 1426 4929 ,scientie
1447 4873 1477 4928 et
1494 4869 1631 4944 pietatis:
1650 4871 1678 4926 et
1701 4866 1828 4941 replebit

108 4969 179 5028 Deo
195 4985 264 5028 sno.
1000 4978 1069 5022 eum
1081 4961 1187 5037 spiritu
1199 4959 1314 5020 bmoris
1332 4958 1459 5018 Domini.

154 5055 516 5134 litsnscipiet[suspiciet]
528 5074 649 5118 sursum
662 5056 884 5118 :ctadtcrram
904 5054 948 5114 in·
1036 5054 1101 5110 Non
1128 5049 1295 5107 secundum
1319 5047 1466 5104 visionem
1481 5044 1638 5104 cenorum
1659 5042 1828 5102 iudicabit:

112 5147 266 5206 tuebitur.
1000 5154 1099 5213 nequo
1115 5137 1281 5196 secundum
1297 5135 1434 5194 anditum
1445 5135 1564 5194 aurium
1576 5137 1700 5206 arguet:
1718 5133 1772 5192 sed
1784 5131 1829 5189 iu-

157 5240 193 5296 nt
206 5253 275 5298 acce
292 5237 453 5310 tribulatio,
474 5241 504 5296 et
525 5237 658 5310 tenebre,
677 5234 832 5294 dissolutio
851 5236 880 5292 et
894 5247 949 5290 au·
1002 5228 1110 5286 dicabit
1122 5227 1152 5284 in
1164 5224 1277 5284 iustitia
1299 5239 1447 5297 pauperes
1470 5228 1499 5283 et
1521 5226 1626 5294 arguet
1645 5223 1677 5280 in
1698 5222 1828 5297 equitate

118 5327 250 5400 gustitia
263 5332 288 5391 et
305 5328 402 5400 caligo
417 5343 601 5402 persequens
615 5343 623 5384 s
637 5330 665 5384 et
681 5340 743 5384 nou
755 5323 862 5398 poterit
880 5338 949 5382 avo·
1002 5335 1057 5394 pro
1077 5314 1243 5376 mansuetis
1260 5318 1346 5372 [erre-

116 5415 187 5480 lars
198 5417 238 5474 de
252 5417 391 5491 amastis
403 5433 469 5476 sua.
1039 5407 1072 5464 lit
1095 5403 1239 5480 percutiat
1264 5409 1373 5461 terram
1387 5402 1472 5476 virga
1487 5403 1568 5460 boris
1584 5401 1630 5462 eui
1650 5419 1657 5460 ε
1681 5407 1709 5460 et
1723 5399 1829 5475 spiritu

160 5505 260 5563 Primo
267 5510 398 5578 tempore
408 5505 537 5562 allebata
545 5510 587 5562 est
598 5508 676 5563 tarra
685 5501 829 5568 Zabulon,
838 5506 952 5560 etterra
1002 5496 1152 5558 labiorum
1167 5509 1292 5552 suorum
1306 5493 1460 5552 interliciat
1469 5493 1607 5567 impium.

121 5594 275 5669 Neptalim
289 5613 296 5652 z
312 5599 342 5652 et
351 5594 383 5652 iu
392 5593 557 5654 novissimo
571 5593 736 5667 adgravata
746 5591 846 5651 estsia
859 5589 952 5650 maris
1041 5589 1075 5642 lit
1087 5584 1141 5642 erit
1155 5581 1249 5641 iustiti
1263 5581 1417 5652 cingrrlum
1431 5581 1606 5641 lunrborum
1615 5581 1698 5639 eius:
1714 5584 1743 5639 et
1755 5579 1828 5638 fides

120 5681 518 5750 naastcrdauemnsiiiea
1006 5671 1392 5740 eustoriunrenumerus.
