4117 6175
298 189 367 260 tati

332 325 388 382 Per
400 320 645 379 miscricordiam.

582 409 619 465 Iu
655 409 822 467 Laudibus.

333 499 383 557 Ad
397 499 567 558 cauticum.
582 499 765 569 Antiniana.
787 497 973 556 Sacrificium
985 497 1058 569 iusti
1074 511 1121 554 aa

297 594 420 665 ceptum
431 592 485 656 cst,
499 593 528 646 et
539 586 1054 660 memoriamejusnonobliviscetur
1067 587 1121 644 Do

300 695 410 737 minus.

337 768 492 826 cauticum
500 764 963 837 Decastmticisrslomonistocp.
976 763 1081 836 xxxv).

335 853 519 913 Sacrificium
538 851 666 910 salutare
677 858 722 908 est
731 853 883 910 eltendcre
903 852 1066 919 mandatis,
1093 855 1123 908 et

300 943 453 1002 discedere
467 941 506 999 ab
529 942 613 998 omui
627 941 782 1015 iniquitate
793 945 822 1010 ;'
837 940 1070 1014 propitationem
1087 939 1122 998 ti·

300 1038 362 1090 tare
376 1029 566 1088 sacrificium.

335 1118 391 1187 Qui
404 1118 474 1176 lacit
488 1118 758 1184 misericordiam·
777 1117 863 1175 offert
874 1117 1066 1176 sacrificiunt.

333 1205 555 1280 Deneplacitum
565 1214 608 1263 est
623 1206 749 1264 Domino
763 1206 898 1263 recedere
913 1206 952 1264 ab
967 1205 1051 1263 omni
1063 1203 1120 1262 ini·

296 1297 410 1371 quitata
425 1313 431 1352 :
444 1294 460 1328 ¹
474 1301 503 1352 et
514 1294 684 1367 deprecatio
694 1294 831 1351 recedere
849 1293 888 1351 ab
901 1294 1056 1365 injustitia.

333 1388 397 1442 Non
410 1381 571 1457 apparebis
584 1389 652 1438 ante
658 1387 852 1454 conspectum
864 1381 915 1438 Dsi
925 1382 967 1438 tui
975 1383 1121 1441 vacuusz'

297 1470 380 1546 quod
395 1471 458 1527 brec
472 1471 574 1526 omnia
586 1475 706 1544 propter
720 1470 865 1527 mandata
879 1469 997 1526 Domini
1011 1469 1120 1526 lluunl.

334 1559 450 1618 Oblatio
462 1558 534 1630 justi
545 1558 714 1632 impinguat
730 1559 831 1626 altare,
849 1558 898 1615 'et
925 1559 1001 1618 odor
1024 1559 1122 1616 suavi·

298 1646 369 1705 latis
385 1653 429 1703 est
447 1647 477 1702 in
499 1653 661 1718 conspectu
683 1644 835 1703 altissimi.

335 1734 519 1806 Sacrificium
528 1733 600 1805 justi
622 1740 780 1806 acceptum
795 1738 849 1804 est,
860 1733 877 1767 ¹
902 1738 931 1790 el
945 1734 1120 1792 memoriam

297 1823 362 1895 ejus
375 1838 436 1880 uon
451 1821 642 1879 obliviscetur
666 1824 819 1878 Dominus.

332 1911 376 1967 Ad
390 1911 573 1967 Benedictus.
590 1912 775 1982 antiplona.
787 1911 1064 1969 Sacerdotcssencti
1079 1911 1122 1967 in·

298 2015 433 2067 censum,
448 2005 478 2056 et
488 2015 579 2072 panes
593 1999 722 2056 offerunt
748 2003 818 2058 Deo.

334 2089 504 2146 Galaticum.
519 2090 694 2146 Benedictus
710 2103 742 2144 es
759 2089 883 2146 Domine
900 2090 992 2147 Deus.
1004 2090 1081 2160 solio
1094 2093 1120 2146 9.

334 2177 420 2234 Souo.
434 2179 496 2247 Ego
511 2193 577 2233 sum
595 2178 679 2250 panis
689 2176 849 2250 vivus,qui
860 2178 898 2234 de
913 2176 987 2234 coelo
999 2178 1124 2234 deseen-

300 2266 332 2322 di
349 2266 394 2320 :si
409 2264 477 2337 quis
487 2264 713 2321 manducaverit
734 2280 771 2320 ex
793 2266 851 2321 boc
874 2280 962 2338 pene,
990 2264 1071 2325 vivet
1092 2266 1123 2322 in

299 2360 455 2412 eternum.
474 2351 607 2409 Alleluia.

335 2441 449 2498 Lauda.
477 2439 609 2497 Laudato
631 2439 791 2496 Dominum
813 2439 851 2496 de
873 2438 956 2496 eoelis
979 2439 1121 2500 Alleluia:

300 2528 418 2585 laudate
433 2544 502 2586 eum
512 2543 615 2585 omnes
627 2527 730 2600 augeli
745 2528 829 2599 ejus:
846 2527 1124 2587 AlleluiaPsalmas

300 2633 415 2674 ιιιιιιι.

251 2707 257 2718 ’
353 2706 454 2764 Lectio
467 2705 539 2763 libri
552 2705 713 2779 Sapientia
722 2704 887 2764 Salomonis
899 2706 987 2778 (cup.
1001 2706 1068 2779 sur).

334 2797 395 2853 Deo
410 2795 530 2866 gratias.

336 2885 536 2940 Beatusbomo
550 2884 601 2957 qui
610 2879 1123 2956 audit,etquivipilatadtoresmeas

298 2971 443 3046 quotidie,
457 2979 485 3027 el
498 2969 638 3028 observat
651 2970 691 3027 ad
703 2977 805 3044 postes
813 2971 879 3026 ostii
887 2970 1015 3034 mciQui
1024 2972 1122 3028 moin·

298 3059 422 3125 venerit,
438 3058 567 3115 inveniet
577 3058 678 3129 vitam,
689 3065 716 3117 et
728 3059 981 3116 haurietsalutem
994 3076 1012 3116 a
1024 3057 1123 3117 Domi·

298 3160 349 3204 no.
367 3146 423 3213 Qui
436 3151 539 3203 autem
558 3146 590 3203 in
617 3162 665 3204 me
688 3148 864 3220 peccaverit,
889 3147 977 3205 laedet
991 3150 1123 3207 enimam

299 3250 387 3291 suam
401 3254 410 3291 ι
423 3239 452 3291 et
468 3249 583 3303 omnes,
595 3235 648 3308 qui
663 3251 712 3292 me
721 3235 986 3309 oderuntdibgunt
995 3244 1124 3295 mortem

299 3322 383 3396 (cap.
400 3322 453 3394 rx).
468 3324 619 3397 Sapientia
632 3322 999 3399 edificaviteibidomum,
1015 3328 1125 3385 excidit

299 3412 1125 3486 columnasseptem.lmmolaritvictimassuas,miscuit

299 3500 413 3563 vinum,
425 3508 453 3557 et
465 3502 564 3574 posuit
578 3516 715 3558 mensam
733 3517 833 3561 suam.
843 3505 916 3561 ldisit
932 3519 1035 3560 servos
1052 3520 1123 3561 euos

298 3587 570 3654 vocareadarccm,
587 3591 1038 3661 etmoeniacivitatis,dicens:Si
1055 3592 1124 3667 quis

302 3683 346 3733 est
361 3676 621 3749 parvulus‚vcniat
634 3680 673 3735 sd
687 3679 996 3754 mc.Dtinsipientibus
1008 3679 1124 3739 locutus

299 3770 345 3822 est
360 3781 367 3820 :
383 3765 492 3832 Venite,
500 3766 647 3824 comedite
654 3783 763 3841 panem
773 3768 1123 3835 meum,etbibitevinum

301 3854 383 3927 quod
398 3854 504 3911 miscui
518 3854 614 3910 robis.
623 3856 785 3929 Relinquitc
792 3858 961 3929 infantiam,
973 3864 1002 3915 et
1017 3858 1123 3929 ridete,

245 3936 250 3945 “
300 3948 330 3999 ct
344 3942 497 4001 ambulate
510 3958 564 4016 per
578 3942 642 4001 vias
656 3947 832 4017 prudentiae.
845 3958 877 4018 D·
893 3955 998 4006 Amen.

635 4035 785 4106 Hymnus.

340 4120 436 4180 Sacris
451 4119 603 4179 solemniis
615 4122 719 4194 juncta
734 4126 791 4182 sint
818 4125 937 4199 gaudia,

300 4210 334 4265 Et
346 4225 383 4265 ex
396 4210 575 4282 ‚precordiis
590 4216 853 4287 sonentpraeconia
868 4235 875 4275 :

300 4297 452 4354 Recedant
463 4306 573 4370 vetera,
588 4314 668 4357 nova
688 4302 746 4357 sint
761 4303 874 4369 omnia,

406 4385 512 4454 Corda,
528 4394 668 4453 uocaset
702 4405 803 4463 opera.

334 4475 435 4532 Noctis
459 4476 598 4534 recolitur
609 4494 696 4536 coena
716 4481 891 4548 novissima,

298 4564 504 4631 DuaCbristus
517 4564 645 4623 ereditur
671 4585 785 4641 agnum
799 4577 828 4628 el
841 4586 948 4645 azyma

299 4652 422 4711 Dedisse
436 4652 590 4727 tratribus,
607 4655 694 4728 juxta
709 4658 841 4732 legitima

404 4743 512 4800 Priscis
530 4744 803 4819 indultapalribus.

334 4831 402 4890 Post
412 4847 527 4903 agnum
541 4834 685 4906 typicum,
702 4837 827 4908 expletis
841 4836 944 4909 epulis,

298 4921 415 4994 Corpus
429 4920 618 4979 Dominicum
632 4922 740 4980 datum
761 4924 927 5000 discipulis,

298 5006 663 5081 ksictotumomnibus,
678 5012 759 5085 quod
778 5018 874 5071 totum
897 5013 1033 5087 singulis,

404 5097 476 5169 Ejus
490 5097 619 5157 latemur
633 5100 785 5159 manibus.

334 5184 419 5243 Dedit
428 5201 465 5244 ex
481 5187 618 5260 frugibus
642 5189 945 5265 corporislerculum,

294 5273 381 5331 Dedit
394 5290 431 5331 ex
443 5275 554 5333 vitibus
569 5279 726 5349 sanguinis
737 5278 887 5352 poculum,

296 5361 415 5435 Dicens,
429 5364 556 5437 accipite
570 5366 654 5439 quod
673 5366 759 5427 trado
773 5368 940 5426 vasculum.

405 5454 515 5512 Dmnes
529 5470 564 5513 ex
579 5470 616 5514 eo
636 5454 741 5516 bibite.

933 183 1163 254 euertuntur
1182 179 1378 256 aorarcua.

1136 321 1160 376 tt
1213 321 1260 378 Sic
1273 319 1455 379 sacrificium
1465 319 1544 376 istud
1556 318 1690 384 instituit,

1176 409 1267 481 Cujus
1278 409 1409 468 ollieium
1422 409 1535 466 comitti
1550 407 1644 464 voluit

1176 498 1251 555 Solis
1267 497 1459 572 Presbyteris,
1475 496 1588 572 quibus
1605 493 1798 566 eiccongruit,

1282 589 1319 645 Ut
1329 591 1462 654 sumant,
1478 592 1507 642 el
1518 584 1590 641 dent
1603 583 1726 641 celeris.

1210 674 1299 732 Panis
1312 675 1471 746 angelicus
1487 674 1617 748 fitpanis
1633 671 1799 740 hominum,

1175 763 1232 822 Dat
1244 764 1333 837 panis
1345 763 1460 821 caelitus
1472 763 1576 834 liguris
1599 761 1757 818 terminum
1772 775 1780 816 t

1176 854 1259 911 Dres
1275 852 1420 910 mirabitis
1434 853 1440 908 l
1456 851 1620 910 manducet
1640 849 1799 906 Dominum

1282 942 1404 1012 Pauper,
1417 957 1532 1008 servus,
1547 944 1576 996 et
1593 936 1726 996 humilis.

1209 1031 1247 1088 Te
1259 1031 1346 1088 Trina
1357 1029 1467 1100 Deitas,
1484 1044 1605 1102 unaque
1625 1028 1786 1100 poscimus,

1176 1119 1222 1176 Sic
1236 1134 1291 1176 nos
1301 1125 1332 1176 lu
1344 1119 1458 1184 visites,
1474 1117 1551 1174 sicut
1575 1122 1602 1174 tc
1616 1115 1761 1172 colimus:

1174 1205 1227 1266 Per
1242 1213 1307 1265 tuas
1322 1207 1443 1265 semitas
1459 1206 1518 1263 due
1528 1221 1583 1263 nos
1602 1221 1663 1278 quo
1678 1203 1835 1268 tendimns,

1280 1295 1441 1361 aurocen,
1452 1311 1545 1369 quam
1561 1299 1591 1352 tu
1605 1292 1733 1352 habitas.

1211 1395 1242 1457 tt.
1262 1388 1365 1441 llmeu.

1209 1491 1409 1563 snpplicatio.
1426 1492 1551 1548 Dremus
1562 1487 1660 1562 pium.
1672 1487 1731 1544 Hir
1741 1500 1834 1557 supra
1844 1485 1916 1556 folio
1925 1487 1948 1538 i.

1211 1579 1366 1652 Capitale.
1379 1583 1525 1637 Poncntes
1535 1593 1621 1651 spem
1633 1583 1768 1633 nostram
1778 1573 1809 1630 in
1820 1573 1979 1640 te,Domins,

1137 1667 1158 1721 Β
1176 1667 1779 1739 nonobliviscemuroperumtuorum,cum
1788 1661 1978 1736 perjustitian,

1175 1763 1265 1831 atque
1277 1753 1625 1824 clementiam,mirabilis
1638 1755 1669 1810 in
1680 1754 1800 1824 sanctis,
1813 1757 1842 1808 et
1860 1747 1981 1808 terribilis

1176 1844 1449 1918 ostenderisimpiis
1463 1844 1710 1918 :quiopporluue
1735 1839 1867 1898 remedia
1885 1838 1979 1910 justis;

1175 1951 1212 1994 ac
1224 1934 1325 1992 debila
1340 1932 1486 2006 supplicia
1497 1947 1709 2004 recompenses
1729 1929 1841 2004 iniquis
1857 1942 1979 2000 :quesu-

1177 2039 1256 2090 mus,
1268 2023 1368 2097 itaque
1381 2021 1514 2095 piissime
1529 2037 1536 2077 :
1551 2024 1584 2077 ut
1597 2034 1674 2092 quos
1687 2035 1706 2076 a
1722 2016 1847 2075 terrenis
1860 2013 1979 2072 hostibus

1177 2114 1265 2176 eruis,
1277 2116 1495 2185 preceptorum
1515 2107 1581 2166 luce
1609 2107 1772 2166 clarifices:
1804 2103 1980 2164 tentationum

1176 2199 1286 2258 Ductus
1301 2215 1456 2265 amovens,
1472 2199 1527 2254 iter
1538 2196 1722 2254 salutiferum
1737 2194 1855 2268 pendas
1867 2209 1874 2259 ;
1887 2189 1980 2247 Christi

1178 2291 1219 2346 lui
1232 2290 1372 2361 Corpore,
1385 2294 1541 2360 tamquam
1557 2285 1669 2344 coelesti
1682 2299 1773 2358 pane,
1790 2283 1822 2340 in
1847 2281 1928 2353 buius
1937 2294 1981 2334 sse·

1178 2377 1237 2434 culi
1251 2376 1366 2435 deserto
1381 2374 1507 2433 reficias.

1214 2466 1302 2524 Peter
1311 2469 1422 2522 noster.
1439 2462 1565 2520 Liberali
1578 2479 1596 2520 a
1608 2461 1697 2520 malo.
1708 2459 1770 2534 fol.
1779 2466 1806 2517 2.

1213 2554 1325 2612 Lauda.
1343 2553 1479 2610 Similiter
1490 2551 1614 2608 Alleluia
1627 2557 1656 2607 et
1676 2550 1814 2636 eqltcem.
1841 2549 1893 2606 Hic
1904 2559 1979 2614 supra

1177 2643 1253 2714 solio
1267 2646 1297 2701 l.

1215 2731 1328 2789 Oratio.
1345 2729 1486 2802 Deus,qui
1499 2727 1643 2798 unigeniti
1656 2727 1709 2785 lilii
1721 2725 1891 2792 tui,Domini
1903 2719 1979 2780 nostri

1178 2817 1502 2892 JesuChrieti,pretioso
1513 2818 1659 2888 sanguine
1668 2817 1836 2874 humanum
1852 2829 1935 2887 genus
1947 2825 1981 2866 re·

1178 2905 1291 2965 dimere
1301 2907 1435 2964 voluisti:
1448 2906 1578 2964 concede
1603 2905 1748 2980 propitius
1761 2922 1769 2962 :
1781 2910 1814 2962 ut
1827 2903 1876 2977 qui
1886 2902 1919 2958 ad
1932 2899 1979 2954 ad·

1140 3017 1160 3072 c
1178 2992 1981 3066 orandumvivilicumcorpusChristiadrenimusapec·

1179 3092 1313 3144 calorum
1324 3090 1495 3143 nostrorum
1511 3083 1639 3141 nexibus
1658 3081 1870 3153 liberemurdt.
1893 3084 1980 3135 tmen.

1214 3174 1269 3231 Per
1283 3173 1532 3231 misericordiam.

1482 3280 1526 3335 td
1553 3279 1696 3335 Tertiam.

1215 3398 1247 3459 D·
1265 3390 1340 3444 Caro
1353 3400 1431 3452 mea,
1446 3398 1515 3442 vere
1530 3391 1576 3442 est
1589 3384 1676 3442 cibus
1687 3402 1694 3438 ε
1705 3387 1733 3441 et
1757 3382 1881 3457 sanguis
1902 3392 1980 3443 meus,

1178 3490 1247 3533 vere
1266 3480 1311 3531 est
1325 3479 1423 3548 polus.
1440 3476 1479 3532 P.
1491 3473 1716 3541 Quisnauducal
1738 3487 1842 3529 meam
1867 3482 1981 3535 caruem,

1178 3570 1207 3621 et
1216 3564 1292 3621 bibit
1307 3578 1410 3620 meum
1420 3564 1609 3634 sanguinem,
1619 3561 1650 3619 in
1666 3564 1842 3625 meminiret,
1863 3564 1947 3624 etspo
1959 3554 1983 3607 in

1178 3652 1239 3711 illo.
1255 3650 1389 3709 Alleluia.
1405 3650 1436 3712 l.
1453 3650 1537 3707 llcus
1548 3656 1592 3706 est
1605 3649 1702 3715 cibus,
1714 3654 1747 3706 ut
1764 3646 1874 3705 luciam
1896 3642 1985 3701 volun·

1180 3746 1269 3799 tatem
1285 3741 1362 3813 ejus,
1376 3740 1429 3814 qui
1439 3738 1520 3796 misit
1534 3755 1591 3805 me,
1605 3743 1636 3796 ut
1649 3737 1805 3813 perficiam
1833 3750 1905 3809 opus
1919 3732 1984 3803 ejus.

1178 3832 1215 3887 P.
1229 3828 1285 3897 Qui
1302 3829 1475 3887 manducat.
1489 3827 1520 3890 lt.
1539 3828 1646 3893 Gloria,
1673 3832 1702 3884 et
1724 3824 1826 3883 bonor
1849 3821 1930 3881 Patri.
1952 3818 1985 3877 P.

1180 3916 1235 3987 Qui
1248 3916 1420 3974 munducat.

1218 4005 1385 4079 Prophetes.
1401 4008 1506 4063 Dsatus
1520 4005 1621 4075 bomo,
1636 4004 1689 4076 qui
1702 4002 1789 4060 audit
1803 4016 1860 4059 me.
1879 3996 1988 4069 lteqaire

1180 4102 1262 4154 retro
1278 4098 1309 4152 ln
1321 4095 1482 4153 distulistis
1491 4094 1706 4165 superioribas.

1215 4186 1334 4243 Laudo.
1345 4183 1478 4240 Alleluia.
1493 4183 1606 4241 Panem
1617 4182 1654 4239 de
1668 4178 1743 4239 coelo
1757 4179 1845 4239 dedit
1863 4178 1913 4243 eis,
1927 4172 1990 4229 Alle-

1179 4271 1251 4331 luia.
1267 4272 1419 4335 i.Psuem
1431 4271 1612 4344 Angelorum
1634 4269 1832 4329 manducarit
1849 4270 1942 4325 bomo.
1952 4262 1984 4318 P.

1142 4366 1164 4421 D
1179 4360 1313 4420 alleluia.

1520 4468 1659 4539 Hyanteae.

1284 4572 1414 4629 Verbum
1425 4588 1591 4647 supernum
1603 4570 1753 4645 prodiens,

1249 4660 1308 4719 Nea
1323 4662 1415 4718 Patris
1430 4661 1568 4736 linquens
1588 4662 1753 4725 dexteram,

1249 4752 1293 4807 Ad
1309 4766 1386 4825 opus
1401 4766 1492 4809 suurn
1518 4750 1629 4815 exiens,

1250 4838 1386 4897 Venitad
1401 4840 1469 4899 vitae
1493 4854 1666 4915 vesperum.

1286 4932 1318 4985 tn
1333 4934 1429 4986 morte
1440 4945 1459 4988 a
1472 4927 1620 5001 discipulo

1251 5016 1316 5075 Suis
1332 5016 1495 5074 tradendus
1518 5016 1633 5074 emulis
1649 5031 1656 5071 s

1249 5104 1332 5162 Prius
1344 5104 1375 5161 in
1390 5106 1456 5164 rita
1467 5104 1578 5163 lerculo

1251 5194 1287 5251 Se
1302 5193 1424 5251 tradidit
1433 5193 1599 5267 discipulis.

1286 5282 1341 5340 Uni
1355 5284 1491 5355 trinoque
1505 5282 1632 5339 Domino

1252 5368 1294 5429 stt
1309 5370 1491 5445 sempiterna
1519 5369 1615 5441 gioria
1631 5386 1637 5427 :

1251 5459 1414 5525 Quiritem
1425 5458 1490 5517 sine
1502 5460 1631 5518 termino
