4117 6175
257 196 328 255 lore
899 192 1128 255 enavmumtr
1143 192 1341 254 euthicen.

255 322 344 380 nohis
358 324 495 381 orantem
503 334 572 378 eum
585 322 626 379 ed
632 322 658 379 te
668 320 1086 395 proclamaverimuscterris.
1102 322 1127 377 A
1177 323 1274 380 Venas
1287 321 1431 396 perdocet
1445 320 1584 379 liberales
1598 322 1688 386 artes,

292 412 379 467 Pater
392 415 504 467 noster.
520 409 681 467 Liberalia
696 409 789 469 malo
803 410 859 483 fol.
874 414 901 467 2.
1177 411 1282 469 Indicit
1296 426 1416 468 sensum
1434 410 1534 484 potius
1548 409 1697 467 disertum

294 498 472 557 Benedictio.
487 498 577 569 Deus,
587 499 691 556 lumen
701 502 857 568 aeternum,
870 500 1011 573 quincue
1020 499 1087 556 luce
1285 500 1385 557 Trium
1404 515 1581 573 puerorum,

259 588 384 660 martyri
403 604 460 645 suo
477 588 633 657 ,Vincentio
652 588 750 661 posito
768 588 885 646 refulsit
906 588 1086 654 incarcere,
1214 588 1338 647 soboles
1349 604 1477 664 sequeus
1490 587 1628 662 genitrix,
1648 603 1726 661 quoe
1733 586 1822 646 mittit

259 674 421 735 inlucescat
431 675 463 733 iu
478 676 619 735 cordibus
629 676 736 735 restris
749 676 790 735 ad
799 678 941 735 atermm
952 692 1088 734 remune-
1177 676 1387 750 Agonizandos
1396 677 1529 735 Praesule
1538 692 1610 735 cum
1618 674 1717 735 almo:

260 762 410 825 radonem
423 783 429 825 :
443 774 476 837 le.
491 765 598 825 Amen.
614 767 648 823 ut
662 764 716 839 qui
731 780 838 839 corpus
852 766 918 838 ejus
939 765 972 823 in
987 764 1088 823 medio
1179 766 1286 834 Queha
1299 766 1361 841 pati
1374 766 1493 824 Patrem
1505 768 1537 823 et
1545 765 1720 838 Magistrum

262 850 518 911 maridemcrsum
528 852 654 911 marinis
662 852 988 927 gurgitibusrerocavit
997 852 1089 911 adlit·
1286 854 1434 914 liumdem
1443 854 1557 913 dicunt.

262 940 713 1009 numerusnumerous
739 942 778 1000 eh
797 942 927 1011 interitu,
951 946 980 1001 et
992 941 1091 1001 noxiis

263 1027 382 1094 actibus
395 1049 401 1089 :
415 1040 448 1102 lp.
461 1033 567 1089 Amen.
578 1030 702 1107 Quique,
719 1046 810 1090 corvo
819 1030 1092 1107 obsequentadila-

153 1126 158 1143 ⁸
264 1115 338 1177 tavit
352 1116 488 1191 predicti
506 1120 641 1193 llartyris
666 1119 803 1192 gloriam,
823 1120 1014 1179 devotionem
1028 1136 1093 1179 ves-

264 1206 344 1265 tram
360 1206 446 1265 solita
459 1206 670 1282 propitiatione
689 1208 842 1282 surripiat.
854 1220 887 1281 u.
897 1214 1002 1267 Amen.

301 1291 365 1351 Per.

271 1414 275 1445 ς
311 1385 422 1457 leuda
438 1383 571 1443 Alleluia.
585 1384 768 1443 Dilectiotua
779 1385 855 1443 sicut
867 1385 935 1444 ioue
946 1386 1015 1445 vitas
1027 1402 1095 1461 per-

267 1478 380 1539 manet.

305 1564 418 1623 Oratio.
434 1564 513 1621 Deus
525 1562 580 1637 qui
593 1562 778 1623 mirabiliter.
798 1566 855 1636 sol.
873 1580 958 1625 cern.

516 1652 575 1713 llllt
594 1654 660 1711 xxv
677 1653 850 1711 JANUARll.
1114 1672 1137 1729 g

267 1761 297 1806 nt
314 1758 398 1805 raero
418 1757 625 1801 susurremus
643 1757 777 1812 hPlscol‘t,
792 1760 825 1801 ar
837 1760 922 1803 rarus
939 1760 1095 1803 russonuu.

563 1830 611 1889 Ad
636 1832 805 1903 vesperum.

303 1923 418 1983 muca.
436 1924 579 1981 Exortum
590 1920 675 1979 estin
692 1921 832 1980 tenebris.
846 1924 933 1981 sono.
944 1925 1098 1983 iustorum

267 2010 551 2081 minervarum.

302 2099 488 2169 Antiphone.
512 2098 589 2156 lusti
603 2099 772 2172 epulentur,
789 2104 817 2157 et
835 2101 966 2159 exultent
983 2102 1014 2159 in
1027 2116 1098 2161 ooo·

1215 943 1267 1001 llic
1282 944 1395 1019 quippo
1407 958 1515 1017 parens
1524 958 1613 1002 serus
1622 946 1656 1001 ut
1673 943 1827 1003 Abraham
1841 948 1897 1013 est,

1181 1032 1282 1090 llostia
1295 1032 1349 1107 qui
1363 1048 1396 1090 se
1409 1032 1585 1091 trihuscum
1595 1031 1700 1090 Pueris

1183 1121 1310 1180 Obstulit
1322 1136 1408 1180 sacra
1422 1121 1514 1195 stipiti
1526 1122 1558 1179 in
1566 1136 1621 1179 ara

1290 1209 1363 1285 Regi
1375 1209 1524 1284 polorum.

1221 1301 1300 1356 luter
1311 1299 1446 1361 insontes
1457 1298 1526 1358 lotis
1540 1298 1620 1356 ulnis
1629 1298 1725 1356 ambit

1187 1388 1310 1445 snorum
1324 1386 1418 1445 altare
1433 1387 1523 1461 stipiti
1532 1386 1640 1454 clatus,

1131 1542 1135 1547 ⁴
1186 1476 1255 1535 Dira
1263 1476 1337 1533 dum
1349 1476 1460 1551 perlert
1471 1476 1570 1537 vinela
1579 1476 1625 1534 vel
1637 1478 1796 1545 tormenta,

1294 1566 1446 1625 comitans
1459 1565 1556 1625 dccet.

1224 1655 1317 1715 simul
1330 1654 1461 1713 conlassi
1469 1670 1580 1713 nomeu
1592 1654 1750 1725 Trinitatis,

1188 1746 1338 1803 Sustinent
1346 1744 1437 1802 simul
1444 1743 1626 1801 lacerantem
1638 1744 1716 1800 ictus
1729 1760 1737 1812 ;

1187 1835 1246 1893 sed
1256 1849 1382 1908 rapuere
1400 1833 1441 1891 ab
1451 1834 1537 1892 hoste
1548 1832 1717 1907 trophaeum

1295 1926 1378 1980 hono
1392 1922 1504 1980 divino.

1222 2014 1267 2071 Ad
1280 2013 1491 2087 perimendum
1509 2012 1707 2085 postmodum
1719 2016 1870 2088 producti,

1186 2102 1306 2160 Alacres
1321 2105 1458 2175 pergunt,
1474 2116 1597 2160 carmen
1615 2102 1810 2175 praecinentes

1186 2190 1316 2266 Tripudii
1328 2190 1446 2263 psalmi,
1463 2190 1597 2249 ultricem
1616 2192 1861 2267 quadragenum,

1293 2283 1369 2337 Voce
1380 2295 1500 2339 sonora.

1220 2372 1299 2427 Tunc
1313 2368 1425 2426 Proesul
1437 2368 1557 2443 plebem
1571 2373 1743 2429 contestans
1761 2371 1893 2440 aliatum

1185 2462 1228 2518 lta
1251 2463 1284 2518 ut
1301 2458 1495 2517 essetvinclis
1514 2463 1665 2529 oneratus,

1185 2548 1231 2606 Ad
1242 2547 1490 2607 contendendum
1501 2548 1637 2621 judicem
1647 2550 1810 2623 profanum

267 2186 513 2259 spectuuomini,
529 2186 561 2241 P.
575 2188 608 2243 Et
621 2185 806 2245 delectentur
822 2189 852 2245 ia
871 2189 982 2247 laetitia.
998 2190 1030 2252 i.
1048 2193 1099 2249 Sa·

266 2274 315 2331 lus
329 2278 430 2333 autem
438 2274 590 2346 justorum
600 2287 619 2330 a
631 2273 779 2333 Domino:
793 2280 822 2334 et
834 2281 982 2349 protector
991 2294 1097 2339 eorum

266 2366 311 2420 est
340 2362 372 2419 in
395 2366 527 2435 tempore
550 2360 758 2420 tribulationis.
789 2364 821 2421 P.
845 2366 879 2423 Et
900 2365 1094 2425 delectentur.

267 2449 300 2512 i.
314 2450 422 2513 Gloria.
437 2454 466 2507 et
480 2448 590 2508 honor.
603 2451 632 2506 P.
649 2450 682 2506 lit
697 2448 890 2511 delectentur.

300 2537 413 2613 [ccxiv]
426 2538 540 2597 Laudo.
560 2537 575 2594 J
579 2537 639 2595 usti
648 2538 851 2610 jocundentur
863 2541 998 2611 Alleluia,
1015 2545 1048 2601 P.
1061 2544 1097 2605 Et

265 2627 411 2695 letentur,
423 2627 557 2696 Alleluia,
566 2626 696 2694 alleluia,
706 2627 739 2690 i.
750 2628 814 2687 Vox
823 2630 942 2705 laetitia,
953 2638 983 2691 et
992 2634 1095 2693 salutis

265 2716 296 2775 ln
311 2716 511 2777 tabernaculis
516 2717 679 2789 iustorum.
693 2718 724 2773 P.
740 2718 1093 2791 attaminandum,

269 2808 298 2863 et
311 2805 419 2864 honor.
439 2805 471 2862 P.
490 2807 524 2862 Et
537 2804 692 2864 laetentur:
709 2804 844 2873 Alleluia,
859 2808 987 2869 alleluia.

602 2894 750 2965 Hymnus.

335 2980 566 3041 osacerdotum
580 2981 695 3055 inclyta
709 2997 831 3052 corona,

299 3072 396 3144 Atque
407 3084 567 3128 coruscum
582 3069 749 3130 levitarum
764 3072 849 3140 ordo,

299 3156 383 3216 Claro
396 3157 523 3224 adscito,
538 3157 738 3231 precinamus
752 3159 901 3232 hymnum

406 3249 500 3304 Mente
514 3246 655 3319 henigne.

337 3339 475 3395 sormam
485 3335 615 3410 exempli
629 3333 749 3394 Babilas
761 3338 888 3398 antistes

300 3425 390 3484 Nobis
408 3425 570 3485 tenendam
581 3425 730 3486 dimicem
743 3427 894 3502 impressit
910 3451 916 3490 :

300 3519 340 3572 Ne
352 3515 457 3589 templi
474 3515 525 3573 liei
539 3515 619 3574 ostia
628 3515 802 3588 pandamus

407 3603 520 3662 callido
534 3604 622 3661 hosti.

337 3690 389 3748 llio
398 3692 443 3748 vir
459 3692 563 3750 simule
576 3691 645 3750 fidei
654 3695 789 3754 munitus

301 3778 517 3838 Antiochenam
531 3782 606 3840 dum
615 3787 731 3852 regeret
744 3798 855 3851 arcem,

303 3867 419 3940 sprevit
433 3868 595 3942 profanum
609 3870 693 3928 atriis
709 3873 820 3932 sanetis

409 3958 635 4019 Numerianum.

339 4045 420 4109 lllloo
433 4051 538 4122 eaptus
548 4048 659 4108 sistitur
668 4055 810 4124 tyranno,
914 4111 918 4120 ,

304 4138 337 4194 ln
354 4135 417 4196 iola
431 4151 519 4194 verus
532 4135 646 4195 Christo
656 4137 861 4198 immolandus
886 4159 894 4198 t

305 4223 477 4285 versutiosa
492 4223 613 4282 abdicat
627 4231 751 4293 asserta,

412 4315 486 4370 Vera
500 4312 623 4370 amado.

341 4403 490 4474 Reputans
498 4414 632 4474 namque
644 4401 787 4475 dogmata
801 4419 955 4478 perversa,

309 4492 418 4548 lterum
431 4489 542 4548 latetur
553 4489 691 4549 omnium
705 4497 874 4566 Auctorem,

309 4576 383 4636 Celsi
397 4578 533 4638 Parentis
545 4583 726 4640 maternam
741 4583 859 4656 prolem

415 4666 525 4726 Orbem
541 4683 669 4728 creasse.

346 4756 411 4814 Aris
423 4755 560 4818 hortetur
571 4758 744 4820 demonum
763 4762 859 4834 litere,

313 4848 462 4921 spernens
475 4852 606 4908 arctatur
619 4850 700 4908 vacis
714 4856 899 4922 catenarum,

313 4935 384 4994 colo
396 4941 537 5008 manetur
546 4939 680 5012 pondme
693 4939 844 5012 holerum,

422 5027 574 5100 compede
583 5029 669 5102 pede.

351 5113 393 5172 Fit
407 5116 490 5187 gregi
502 5120 606 5189 pastor
617 5133 764 5192 magnum
779 5119 1003 5199 documentum,

317 5201 387 5259 Urbi
395 5207 558 5262 mostratur
574 5205 663 5263 veluti
678 5210 890 5281 contemptus:

315 5289 388 5348 ltine
401 5307 497 5350 ovans
510 5293 605 5352 deiert
624 5293 738 5352 Christo
751 5300 821 5355 vota
836 5297 962 5360 laudum

424 5379 519 5440 Victor
536 5381 673 5455 insignis.

353 5466 482 5528 Pictilem
496 5469 565 5528 vicit
578 5469 802 5538 ratiocinando;

1115 4375 1138 4431 D

1292 2637 1480 2713 sepeliretur.

1219 2726 1364 2785 Parvulos
1375 2742 1498 2801 quoque
1511 2726 1631 2785 Babilas
1641 2727 1771 2788 litandos

1184 2814 1261 2872 Patri
1275 2814 1416 2885 adsignat
1429 2830 1500 2872 ense
1513 2814 1719 2873 verberandos
1731 2832 1741 2883 ς

1184 2906 1316 2971 Quorum
1330 2918 1460 2974 agonem
1474 2902 1630 2977 pulchrius
1646 2909 1809 2963 consumat

1289 2992 1440 3065 sanguiue
1453 2991 1531 3050 tuso.

1219 3082 1336 3158 Quique
1350 3083 1486 3157 concepti
1499 3099 1577 3142 urna
1588 3083 1779 3158 sepulchrali,

1185 3174 1289 3244 ligent
1297 3172 1422 3245 perenni
1435 3173 1582 3232 memorie
1595 3175 1687 3246 passi,

1185 3261 1259 3320 sede
1275 3260 1427 3335 promissa
1439 3261 1526 3335 potiti
1544 3262 1576 3320 io
1585 3277 1688 3321 arcem

1291 3350 1474 3408 Diademete.

1221 3438 1294 3496 hino
1305 3438 1337 3496 in
1350 3439 1422 3512 ipsis
1435 3453 1559 3498 munere
1572 3455 1626 3513 per
1635 3440 1720 3515 ipsos

1185 3527 1307 3586 Obtiues
1321 3528 1442 3596 missos,
1456 3527 1560 3587 civitae
1570 3530 1716 3603 qumis:

1185 3616 1316 3674 Nimium
1331 3616 1440 3688 gaude,
1455 3616 1589 3689 gloriam
1603 3617 1635 3676 in
1649 3618 1767 3678 Christo

1290 3705 1391 3763 iubilo
1405 3721 1528 3777 magno.

1220 3794 1272 3852 llic
1284 3794 1482 3868 obsequenda
1494 3795 1633 3856 membra
1642 3797 1776 3856 rediviva

1185 3882 1332 3952 Possidet;
1347 3899 1469 3942 sursum
1482 3884 1604 3944 animas
1614 3885 1751 3944 victrices

1187 3971 1275 4030 stolis
1288 3970 1410 4029 indutas
1423 3971 1570 4039 candidis,
1585 3972 1745 4045 fulgentes,

1293 4059 1411 4119 Palmae
1424 4065 1570 4132 gerentes.

1225 4148 1296 4206 lude
1307 4148 1487 4224 Redemptor
1500 4164 1589 4209 cerne
1602 4150 1641 4208 de
1650 4151 1788 4226 supernis

1189 4239 1292 4296 itatem
1310 4237 1457 4311 redempti
1471 4238 1582 4310 gregis.
1597 4239 1793 4298 incubantem

1190 4325 1275 4384 Secti
1285 4325 1317 4383 in
1328 4341 1422 4392 mare,
1432 4326 1553 4386 turbina
1571 4328 1787 4403 impulsantem

1295 4414 1513 4474 Tentetionum.

1226 4505 1357 4561 nexura
1375 4511 1435 4562 tue
1449 4504 1595 4564 auxilium
1607 4506 1718 4580 prebe,

1189 4594 1323 4665 liamque
1335 4593 1449 4651 cunctis
1461 4610 1482 4652 a
1492 4594 1581 4653 malis
1594 4594 1720 4654 deiende
1741 4614 1748 4653 ε

1190 4683 1299 4739 Tecum
1308 4681 1457 4739 victuram
1467 4683 1580 4741 vehens
1591 4684 1622 4740 iu
1637 4683 1776 4758 supernis

1295 4769 1369 4829 AEro
1379 4773 1514 4845 perenni.

1226 4858 1326 4917 Gloria
1339 4876 1471 4930 summa,
1485 4862 1607 4929 Christe,
1623 4862 1677 4921 tibi
1691 4877 1822 4936 semper,

1193 4947 1287 5006 Simul
1300 4964 1371 5007 cum
1383 4949 1479 5018 Patre,
1490 4951 1661 5025 spirituque
1672 4955 1780 5010 sancto
1794 4969 1803 5010 :

1193 5038 1236 5096 sit
1248 5053 1339 5106 nunc,
1354 5043 1384 5096 et
1395 5055 1515 5113 semper
1533 5040 1590 5099 soli
1604 5040 1656 5100 tihi
1670 5043 1732 5099 Deo

1299 5128 1398 5196 irino,
1410 5135 1439 5188 et
1453 5145 1523 5187 uuo.

1336 5221 1441 5276 Amen.

1193 5307 1518 5378 supplicatiooremus
1525 5305 1974 5381 Redemptoremmutetisuomi·

1158 5395 1257 5462 nidus,
1267 5396 1324 5462 sol.
1338 5413 1478 5456 auxum

1198 5483 1351 5554 Capitate.
1361 5485 1626 5552 lotenditc‚lretres
1636 5479 1973 5554 charissimisacerdolis
