4117 6175
249 256 318 313 lise
871 231 1106 299 cuchmtJtt
1124 234 1320 295 bertricurt.
1878 244 1942 303 tego

246 393 309 437 non
322 378 368 433 ast
383 374 505 432 inventa
517 371 549 429 in
564 385 613 427 me
628 367 782 443 iniquitas.
795 364 928 432 Alleluia,
942 363 1071 422 alleluia.
1087 365 1111 421 ll
1128 362 1283 436 spirituum
1297 362 1500 432 malignorum
1518 361 1726 434 tentabcmm;
1739 375 1772 434 tp.
1788 364 1889 422 Amen.
1903 370 1943 435 lit,

246 468 277 529 li.
294 463 407 523 Exaudi
422 462 499 520 Deus
511 458 657 534 justitiam
669 474 768 516 meam
782 456 919 514 :intende
932 454 1070 531 deprecat·
1126 452 1203 509 sicut
1210 452 1261 509 illa
1268 456 1337 524 post
1345 450 1504 509 victoriam
1513 448 1708 510 lateturcum
1719 458 1727 502 t
1732 452 1841 521 bristo,
1852 454 1891 511 ita
1899 470 1944 513 ea·

245 556 358 614 tionem
367 544 913 623 meam.Auribusperoipecrationcm
923 544 1073 613 meam,let
1125 540 1193 597 dem
1207 540 1414 615 patrocinante
1422 539 1547 597 reduces
1556 554 1613 599 vos
1621 540 1778 614 gaudeatis
1786 541 1942 615 deripera-

246 660 309 703 non
322 645 353 701 in
366 640 453 700 labiis
467 638 589 697 dolosis.
606 637 638 694 P.
655 640 688 695 Et
708 651 771 694 non
796 638 849 693 est.
864 633 896 697 t.
918 632 1028 697 Gloria,
1043 634 1073 689 et
1124 628 1203 687 diso.
1217 642 1249 701 rt.
1266 635 1371 688 Amen.

247 736 345 793 honor
359 730 447 791 Patri.
460 732 492 786 P.
507 732 540 787 ct
553 743 615 787 non
624 732 679 785 ast.
1160 717 1216 776 Per
1234 718 1482 776 misericordiam.

586 818 728 889 Hymnus.
1160 807 1274 864 Lauda
1290 807 1376 864 Remi
1397 807 1454 863 mei
1468 807 1545 865 rami
1565 805 1689 864 honoris
1703 810 1733 864 et
1745 807 1860 879 gratita
1878 808 1946 866 Alle-

283 911 401 968 Adsunt
417 909 547 983 punicea
561 905 687 964 floscula
698 903 861 976 virginum,
1124 894 1196 952 luia.
1212 895 1244 950 P.
1259 897 1321 967 ligo
1329 896 1416 969 quasi
1427 894 1495 952 vitis
1505 895 1679 953 fructificavi
1689 895 1866 953 succuum
1879 897 1945 954 cdo·

248 999 366 1059 Goelasti
379 997 498 1073 placido
513 1011 580 1053 rore
593 994 733 1063 virentia,
1125 985 1166 1040 ris
1189 982 1342 1057 :Alleluia
1370 982 1500 1052 alleluia,
1524 982 1653 1054 alleluia,
1677 983 1807 1042 alleluia.
1837 984 1870 1047 lt.
1890 988 1946 1056 ligo

249 1089 382 1156 Quarum
395 1102 470 1144 vass
485 1083 543 1141 Poll
557 1083 694 1154 stigmate
708 1080 842 1138 siderum
1126 1075 1238 1136 autern,
1249 1073 1326 1129 sicut
1335 1070 1415 1128 oliva
1425 1070 1577 1129 fructifera
1587 1072 1619 1129 in
1634 1071 1726 1129 domo
1740 1071 1869 1139 Domini,
1886 1089 1948 1147 spe-
2034 1125 2035 1154 ¹

249 1176 333 1234 Sauli
347 1174 534 1246 flammigero
549 1172 617 1244 igne
632 1170 759 1244 probata
775 1171 853 1226 sunt.
1126 1159 1202 1217 rabo
1218 1160 1251 1217 in
1263 1159 1470 1217 misericordia
1479 1160 1530 1217 Dei
1544 1159 1605 1217 mei
1619 1159 1650 1216 in
1659 1165 1814 1227 aeternum,
1823 1160 1948 1218 etiosa·
2034 1169 2035 1182 ¹

284 1269 351 1324 llaec
364 1265 498 1338 primum
513 1262 569 1319 clei
581 1260 728 1319 imbribus
742 1260 826 1316 inlita
1127 1250 1228 1306 colum
1243 1248 1353 1305 saculi.
1374 1252 1405 1307 P.
1427 1251 1488 1321 ligo
1499 1248 1598 1323 qerasi.
1621 1248 1653 1311 lt.
1671 1249 1780 1316 Gloria,
1795 1254 1824 1307 et
1844 1250 1947 1307 honor.
2034 1265 2035 1318 l

248 1353 378 1425 ignescit
389 1351 505 1409 lacibus
519 1348 616 1406 cordis
631 1348 662 1403 in
677 1348 807 1415 etiarm
1128 1339 1160 1395 P.
1176 1341 1238 1410 ligo
1251 1337 1351 1411 quasi.

248 1441 348 1499 Noctis
360 1437 529 1512 perfidiam,
543 1436 637 1492 hostis
650 1441 678 1491 et
691 1435 837 1505 impetum
1164 1428 1277 1484 Orcte'c.
1292 1424 1418 1483 Domine
1430 1428 1499 1482 lesu
1512 1426 1634 1492 Christe,
1650 1426 1703 1500 qui
1715 1428 1824 1499 specie,
1839 1432 1871 1484 et
1887 1426 1949 1500 pul-
2034 1391 2035 1400 ἵ

249 1528 375 1584 vincens
387 1526 457 1582 fidei
471 1524 584 1580 lumina
599 1522 723 1596 optimo.
1127 1514 1294 1574 chritudine
1308 1520 1361 1571 tua
1370 1514 1576 1573 beatissimam
1582 1514 1773 1587 virginemac
1786 1522 1947 1588 martyrem

284 1618 327 1672 En
341 1614 445 1671 ttisTe
464 1612 583 1685 pariter,
600 1615 689 1683 atque
700 1612 828 1667 lithlNA
842 1614 895 1678 est,
1128 1607 1211 1662 tuam
1226 1603 1363 1662 Rufinam
1376 1604 1545 1676 spaciosam
1558 1603 1787 1678 pulchramque,
1801 1604 1877 1662 dum
1888 1604 1949 1661 dili

250 1706 322 1771 Quia
335 1701 447 1759 clarem
460 1699 583 1766 meritis,
599 1698 735 1755 moribus
749 1697 888 1771 iuclytis:
1091 1712 1113 1769 Β
1128 1694 1184 1765 gis,
1200 1692 1286 1765 lacis,
1299 1698 1329 1750 et
1339 1692 1562 1763 ingentiamore
1572 1692 1743 1767 despondes
1759 1711 1767 1747 :
1782 1694 1888 1751 adesto
1899 1708 1949 1750 nc-

249 1790 380 1846 Diseretc
393 1786 542 1860 siquidem
557 1784 680 1843 nominc
689 1785 833 1860 Virgines,
1127 1782 1174 1838 bie
1183 1782 1365 1839 beatissima
1376 1782 1517 1855 martyris
1526 1786 1584 1839 tute
1594 1781 1767 1855 patrociniis
1776 1781 1947 1847 indefessim

250 1879 314 1935 Uno
327 1874 380 1933 sed
393 1874 480 1931 studii
496 1887 621 1930 munere
635 1876 787 1948 ltartyres.
1127 1875 1170 1935 ut,
1177 1886 1272 1944 quam
1277 1875 1360 1927 unta
1365 1869 1459 1942 pietas
1465 1870 1698 1944 triumphantem
1704 1871 1840 1943 provexit
1845 1868 1949 1927 adian-

283 1964 470 2022 Thesaururn
483 1962 601 2021 Domini
615 1961 732 2033 legibus
744 1961 890 2036 inclytum
1128 1959 1209 2025 dem,
1225 1958 1368 2031 perducat
1384 1958 1536 2034 supplices
1556 1958 1596 2017 ad
1610 1958 1746 2016 salutem.
1763 1971 1796 2030 tp.
1810 1961 1916 2016 Arnen.

249 2051 634 2124 Vasisfictilibuscorpcris
655 2051 737 2107 unici
1164 2046 1466 2106 Permiserieordiam
1483 2051 1577 2105 tuam.

250 2141 413 2207 (iactantes,
429 2140 524 2211 pretio
538 2138 663 2197 vascula
675 2138 856 2207 distrahunt,
1411 2136 1461 2194 Art
1471 2136 1667 2194 Metellarum.

250 2231 315 2296 Ouo
324 2232 444 2303 questu
458 2226 568 2284 satient
581 2228 697 2285 viscera
710 2242 881 2301 pauperum
892 2244 899 2295 ;
1163 2227 1349 2297 Antipltcnc.
1358 2224 1699 2299 Laudabitlinguamea.
1711 2226 1950 2283 Psalmcscom·

286 2318 343 2377 Sed
356 2318 403 2374 his
416 2316 558 2373 subsidiis
570 2314 696 2373 callidus
708 2316 815 2373 artilex
1129 2316 1181 2373 tic.
1196 2316 1363 2385 Laudatis,
1380 2315 1515 2381 Domine,
1531 2314 1636 2387 lingua
1646 2319 1758 2371 nostra.
1777 2315 1834 2384 [ol.
1860 2314 1949 2371 ccxxi

250 2406 370 2477 Frangit
384 2410 514 2463 testaoea
526 2404 652 2463 vascula
665 2404 804 2463 inridens
817 2423 825 2473 ;
1163 2406 1331 2475 Antiphone
1346 2410 1370 2462 t.
1386 2404 1581 2462 confirmavit
1594 2404 1738 2460 Dominus
1750 2403 1878 2461 brachia
1889 2405 1951 2475 ejus

250 2498 290 2553 tte
304 2498 379 2552 testa
393 2494 552 2551 hominum
569 2493 726 2551 scanderet
739 2494 860 2562 aethera,
1128 2494 1159 2551 in
1173 2510 1252 2567 cpus
1263 2494 1379 2552 bonnm
1391 2512 1399 2564 3
1411 2493 1444 2549 P.
1461 2495 1496 2551 Et
1509 2492 1647 2565 probavit
1661 2508 1739 2565 mm,
1751 2493 1823 2565 quia
1833 2492 1950 2549 bonum

250 2586 285 2641 tlt
297 2583 396 2657 putris
406 2582 490 2639 fieret
503 2581 600 2653 gloria
612 2581 724 2639 coelica.
1128 2586 1174 2640 est
1182 2585 1315 2657 operari3
1324 2580 1710 2654 nonexdngueturluceroa
1719 2581 1784 2652 eJ'us
1794 2596 1850 2653 per
1861 2586 1950 2638 totam

285 2672 358 2729 ilinc
367 2672 491 2729 robusta
500 2671 577 2728 fides
591 2670 740 2741 fragmine
753 2670 835 2728 fictili
1127 2679 1256 2728 noctem.
1271 2672 1304 2733 lt.
1319 2670 1474 2729 Goniessio
1489 2675 1519 2727 et
1532 2669 1755 2741 magnificentia
1770 2684 1852 2743 opus
1867 2670 1949 2741 ejust

251 2760 382 2819 Glisccns
396 2760 576 2833 martyrium
588 2760 722 2833 corporis
734 2760 842 2834 excipit
849 2778 859 2833 3
918 2792 922 2801 ·
1128 2762 1156 2815 et
1168 2758 1281 2830 justitia
1293 2758 1358 2831 ejus
1371 2762 1473 2816 manet
1481 2758 1512 2814 in
1522 2756 1668 2814 seculum
1677 2756 1789 2814 saeculi.
1798 2756 1834 2814 P.
1844 2759 1881 2813 st
1889 2770 1954 2831 pro·

250 2853 397 2907 Praestans
410 2850 540 2906 femineo
554 2849 679 2921 praemia
693 2848 789 2918 sexui,
1126 2847 1219 2905 bavit.
1231 2848 1263 2909 lt.
1279 2848 1386 2916 Gloria,
1402 2851 1431 2904 et
1443 2846 1550 2904 bonor.
1565 2845 1597 2901 P.
1612 2848 1646 2902 lit
1659 2844 1809 2919 probavit

250 2940 316 3005 Ouo
328 2938 537 2995 celsovaleant
552 2936 649 2994 sidere
660 2936 764 2994 inlabi.
1164 2936 1277 2995 Oratio.
1288 2936 1492 2994 Dominelesu
1504 2934 1625 3003 Christe,
1637 2933 1686 3007 qui
1693 2932 1954 3007 carnisvirginita·
2037 2907 2038 2912 ἵ

286 3026 330 3083 Ob
344 3026 402 3083 boe
417 3026 485 3092 vita,
501 3024 593 3096 salus,
606 3028 635 3081 et
649 3023 709 3092 via,
726 3024 834 3082 veritas
1089 3056 1110 3135 9
1127 3028 1187 3082 iem
1200 3026 1391 3084 servantibus
1405 3025 1534 3082 bustum
1547 3022 1695 3098 promittis
1707 3037 1871 3098 repensare
1889 3038 1953 3080 cen·

249 3119 287 3173 Ta
302 3114 430 3172 summis
443 3113 584 3188 precibus
597 3129 649 3171 rex
664 3113 774 3169 Christe
788 3113 957 3186 pessimum
1128 3114 1268 3173 tesimum
1277 3135 1288 3189 3
1297 3116 1461 3173 intercessu
1473 3112 1595 3184 uirginis
1606 3128 1642 3169 ac
1654 3113 1795 3186 martyris
1808 3119 1869 3170 tuae
1878 3112 1954 3169 liuli-

250 3207 362 3263 llarum
374 3202 517 3274 suffragio
531 3218 586 3260 nos
608 3201 661 3259 tibi
673 3215 842 3271 consecres,
1129 3218 1176 3259 nae
1185 3208 1356 3260 nostrorum
1371 3201 1451 3259 solve
1466 3200 1584 3258 vincula
1599 3202 1809 3274 peccaminum
1824 3207 1891 3266 tut,
1905 3198 1955 3273 qui

251 3295 384 3362 Quarum
400 3296 431 3349 tu
443 3291 514 3349 fidei
532 3306 606 3348 voce
620 3291 756 3364 placatus
770 3307 812 3348 es.
1129 3293 1228 3351 carme
1237 3291 1396 3366 fragilitate
1402 3288 1708 3365 [muserddepieimuu
1715 3288 1780 3360 ejus
1787 3289 1954 3363 patrocinio
2038 3334 2039 3347 .

286 3385 380 3440 llante
392 3397 448 3438 nos
460 3379 549 3438 lecito
564 3379 706 3453 lampade
718 3380 848 3452 virgines
860 3398 867 3449 ;
1130 3380 1331 3438 sublevemur.
1343 3391 1376 3452 tt.
1391 3381 1498 3436 Amen.

251 3471 344 3530 Fluxa
357 3485 501 3544 corporeo
513 3467 597 3526 effice
608 3467 740 3539 liberos;
1164 3469 1229 3526 Per.

250 3561 286 3616 tit
299 3561 375 3616 rotis
389 3557 493 3630 rigidis
506 3557 598 3614 corda
608 3556 734 3615 calentia
1163 3560 1336 3630 Antiphone
1348 3562 1376 3614 2.
1391 3562 1423 3615 ln
1437 3555 1668 3629 congregatione
1686 3559 1863 3613 sanctornm
1881 3555 1954 3611 sicut

250 3649 405 3706 (laetantes
417 3647 547 3704 habeant
560 3661 654 3718 regua
666 3647 821 3721 perennia.
1128 3647 1236 3706 cedrus
1246 3648 1278 3704 P.
1292 3646 1426 3705 lixaltata
1436 3661 1503 3702 sum
1516 3647 1548 3702 in
1559 3645 1680 3715 bibano,
1688 3645 1816 3719 etquasi
1831 3661 1954 3718 cypres-

284 3739 322 3794 'le
336 3740 438 3793 nostra
448 3733 555 3806 jubilet
568 3735 663 3806 gloria
677 3736 823 3809 perpetim
835 3754 843 3804 ;
1128 3739 1218 3795 ausin
1229 3733 1762 3795 montibusilermonelevatasumd.
1770 3735 1952 3804 Dgcautem,

250 3824 306 3891 Qui
318 3823 400 3882 aolus
412 3823 555 3880 Dominus
568 3823 685 3892 Trinus,
701 3829 730 3880 ct
743 3840 822 3881 unus
836 3840 868 3881 es
884 3841 890 3880 :
1129 3825 1205 3883 sicut
1217 3825 1297 3883 oliva
1310 3823 1459 3882 fructifera
1472 3823 1504 3880 in
1521 3823 1614 3880 domo
1634 3821 1763 3894 Domini,
1777 3821 1913 3893 sperabo
1926 3821 1955 3876 in

249 3914 316 3984 lugi
328 3913 454 3985 imperio
467 3909 577 3968 secula
588 3909 755 3977 continens.
1129 3913 1336 3972 misericordia
1346 3912 1399 3970 Dei
1412 3912 1482 3980 mei,
1498 3911 1529 3967 in
1543 3916 1699 3978 aurnum,
1717 3909 1791 3967 etin
1809 3910 1955 3966 monium

250 4005 284 4060 Et
297 4007 404 4066 cuncta
415 4000 584 4072 dominans,
598 3997 741 4058 omnibus
754 3999 918 4074 imperans.
1129 4003 1241 4061 saculi.
1256 4006 1285 4059 P.
1302 4001 1444 4059 Excitata.
1460 3999 1492 4062 t.
1508 3997 1615 4057 Gloria.
1639 4003 1668 4057 P.
1684 3997 1829 4055 lissima.

285 4094 391 4146 Amen.
1164 4093 1277 4150 Orctic.
1295 4091 1418 4149 Domine
1427 4091 1497 4146 lesu
1509 4088 1630 4155 Gbriste,
1647 4089 1695 4144 cui
1708 4087 1792 4159 virgo
1803 4093 1833 4144 ct
1842 4091 1958 4159 martyr

286 4177 483 4248 snpplicatio.
496 4179 632 4236 oremus.
646 4179 764 4236 Mctctc
776 4181 905 4248 nemine,
920 4185 955 4235 ct
969 4194 1074 4250 supra.
1128 4182 1234 4239 Rufina
1248 4185 1277 4238 et
1283 4179 1451 4250 integritate
1455 4177 1601 4250 jungitur,
1617 4177 1803 4248 atsanguine
1814 4177 1956 4242 sociatur,

287 4265 435 4337 Capitale.
448 4266 573 4325 Domine
581 4267 652 4324 lesu
662 4267 785 4332 Christe,
797 4267 882 4338 cujus
894 4267 1020 4339 imperio
1028 4282 1076 4325 ra·
1127 4270 1203 4329 dum
1213 4270 1268 4329 tibi
1281 4273 1310 4327 et
1323 4267 1532 4326 castimoniam
1542 4266 1632 4333 vovit,
1645 4270 1674 4322 et
1687 4281 1742 4339 pro
1754 4271 1784 4322 te
1797 4265 1955 4335 sanguine,

250 4355 428 4414 bidissimus
440 4355 487 4414 leo
499 4370 561 4413 non
570 4355 697 4412 soluma
710 4370 783 4411 nece
794 4354 976 4412 beatissima
987 4357 1076 4429 virgi-
1087 4391 1114 4453 D
1128 4359 1223 4428 iudit;
1239 4363 1348 4433 presta
1366 4355 1487 4414 famulis
1501 4353 1752 4429 supplicantibus,
1765 4358 1798 4409 ut
1812 4351 1957 4425 expiatis

250 4445 297 4502 nis
313 4449 341 4502 et
354 4445 494 4520 martyris
512 4444 626 4500 Rufina
639 4440 793 4510 abstinuit,
807 4457 912 4500 verum
930 4445 1019 4502 etiarn
1034 4446 1075 4502 le-
1090 4451 1108 4480 ⁴
1128 4449 1258 4523 peccatis
1271 4447 1326 4505 tibi
1337 4447 1379 4503 ita
1393 4458 1615 4518 percantans
1626 4457 1646 4499 a
1658 4447 1686 4500 te
1700 4442 1825 4500 ulterius
1833 4440 1956 4498 receda-

249 4532 336 4590 ritate
346 4533 479 4606 deposita
493 4532 558 4600 ejus
569 4527 797 4588 immaculatum
806 4545 916 4604 corpus
930 4533 1075 4593 odoratus
1128 4554 1209 4596 mus.
1228 4547 1261 4608 tt.
1279 4539 1385 4593 amen.

249 4622 385 4694 prasenti
397 4617 533 4678 molestie
543 4617 714 4688 contingere
726 4633 788 4676 non
800 4621 968 4693 praesumit;
981 4638 1074 4695 praes·
1162 4629 1216 4683 Per
1230 4621 1479 4682 misericordiam.

249 4717 280 4768 ta
294 4709 393 4780 nobis,
410 4713 442 4765 ut
456 4707 550 4764 nitore
572 4705 614 4764 tui
634 4707 733 4764 Sancti
748 4708 872 4781 Spiritus
884 4709 1074 4786 circumsepti
1162 4715 1336 4786 antiplona
1348 4717 1374 4769 3.
1388 4711 1498 4770 Stclam
1509 4711 1612 4783 gloria
1618 4710 1788 4768 induiteam
1794 4708 1954 4766 Dominus.

248 4797 468 4856 immanitatem
486 4811 548 4854 non
562 4797 723 4855 timeamus
745 4797 840 4856 leonis
851 4798 1002 4869 horrendi,
1020 4801 1074 4858 sed
1127 4805 1347 4864 iocunditatem
1359 4806 1389 4858 st
1408 4799 1622 4858 exultationem
1640 4799 1852 4858 thesaurizavit
1865 4811 1957 4871 super

249 4887 415 4960 majestatis
429 4891 487 4944 tua
500 4885 607 4943 virtute
621 4884 761 4958 repulsus
785 4901 904 4960 semper
917 4904 936 4946 a
949 4887 1074 4949 lesione
1128 4911 1206 4962 eam,
1217 4899 1246 4952 et
1255 4892 1497 4950 nomineaterno
1512 4887 1788 4948 hereditavitillam.
1800 4887 1833 4948 t.
1845 4886 1955 4945 Potens

249 4980 354 5034 nostra
369 4981 489 5034 maneat
503 4975 629 5032 alienus·
1129 4983 1161 5041 in
1175 4989 1255 5042 terra
1267 4981 1321 5039 erit
1333 4994 1435 5037 semen
1447 4978 1530 5051 ejus:
1541 4978 1692 5051 generatio
1703 4982 1855 5034 rectorum
1864 4975 1958 5032 bene-

285 5067 368 5122 Pitel
378 5071 489 5123 noster.
506 5063 635 5122 Libflfflfi
648 5079 667 5121 ⁸
682 5063 773 5123 1118Ιο·
785 5066 844 5135 s⁰l·
858 5069 885 5122 2·
1128 5073 1253 5132 dicetur.
1265 5073 1299 5128 P.
1312 5072 1347 5128 lit
1357 5068 1491 5126 nominc.
1503 5067 1535 5130 t.
1548 5068 1657 5126 Gloria.
1672 5067 1706 5123 P.
1722 5067 1755 5124 ct
1765 5065 1906 5122 nomine.

286 5153 460 5212 Benedictio.
476 5153 670 5226 Omnipotens
687 5151 776 5218 Dens,
797 5153 849 5226 qui
869 5153 1074 5217 beatissimam
1165 5162 1280 5220 oratic.
1294 5156 1421 5216 Domine
1435 5156 1505 5212 lesu
1527 5156 1653 5227 Christe,
1677 5155 1731 5228 qui
1744 5151 1958 5211 beadssimam

249 5241 389 5300 Rufinam
403 5241 579 5312 virginitatis
602 5257 637 5298 ac
652 5240 803 5314 pudicitiae
817 5243 1073 5320 ornavltldecore‚
1129 5257 1212 5310 tuam
1232 5247 1369 5306 Rufinam
1384 5243 1447 5312 tibi,
1460 5248 1489 5301 et
1513 5249 1628 5311 testem,
1645 5250 1674 5300 et
1692 5243 1839 5313 virginem
1852 5255 1960 5298 conse·

249 5337 363 5388 mentes
379 5335 498 5388 nostras
517 5331 616 5403 expiet
629 5327 669 5386 ab
683 5329 765 5386 omni
788 5330 950 5388 mundana
972 5351 1074 5395 corru-
1129 5340 1228 5403 erasti,
1246 5339 1315 5394 dum
1329 5341 1359 5393 te
1377 5336 1551 5406 incorrupta
1573 5335 1718 5407 sequitur,
1737 5337 1767 5388 et
1780 5346 1836 5405 pro
1852 5337 1881 5386 te
1897 5333 1959 5401 glo·

249 5420 358 5492 ptionis
377 5419 579 5491 contagiones
602 5429 634 5488 tt.
657 5423 760 5476 Amen.
776 5416 832 5484 oui
850 5416 921 5476 huic
940 5427 1075 5496 praestitit
1128 5433 1211 5490 ricsa
1221 5431 1389 5494 mactatur,
1402 5438 1503 5481 annue
1513 5422 1602 5480 nobis
1612 5421 1752 5498 precibus
1762 5419 1839 5492 ejus,
1848 5423 1894 5486 ut,
1909 5433 1960 5476 ea·

250 5522 338 5564 suam
350 5507 438 5565 idolis
451 5523 514 5566 non
526 5505 668 5566 mabsara
680 5503 836 5576 cervicem
846 5519 866 5566 a
876 5507 961 5567 vobis
974 5519 1077 5574 arceat
1130 5521 1191 5579 dem
1199 5507 1957 5588 suffraganteuuamrismttguietcastitatirtcnum,
