<?xml version="1.0" encoding="UTF-8"?>
<!DOCTYPE html PUBLIC "-//W3C//DTD XHTML 1.0 Transitional//EN"
    "http://www.w3.org/TR/xhtml1/DTD/xhtml1-transitional.dtd">
<html xmlns="http://www.w3.org/1999/xhtml" xml:lang="en" lang="en">
 <head>
  <title>
</title>
<meta http-equiv="Content-Type" content="text/html;charset=utf-8" />
  <meta name='ocr-system' content='tesseract 3.04.00' />
  <meta name='ocr-capabilities' content='ocr_page ocr_carea ocr_par ocr_line ocrx_word'/>
</head>
<body>
  <div class='ocr_page' id='page_1' title='image "./patrologiaecurs129unkngoog/patrologiaecurs129unkngoog_0298.png"; bbox 0 0 4117 6175; ppageno 0'>
   <div class='ocr_carea' id='block_1_1' title="bbox 274 156 1981 278">
    <p class='ocr_par' dir='ltr' id='par_1_1' title="bbox 274 156 1981 278">
     <span class='ocr_line' id='line_1_1' title="bbox 274 156 1981 278; baseline 0.002 -10"><span class='ocrx_word' id='word_1_1' title='bbox 274 213 326 278; x_wconf 65' lang='lat' dir='ltr'><strong>m</strong></span> <span class='ocrx_word' id='word_1_2' title='bbox 907 156 1354 272; x_wconf 65' lang='lat' dir='ltr'><strong>natumnatum.</strong></span> <span class='ocrx_word' id='word_1_3' title='bbox 1927 200 1981 271; x_wconf 65' lang='lat'><strong>888</strong></span> 
     </span>
    </p>
   </div>
   <div class='ocr_carea' id='block_1_2' title="bbox 269 330 1981 682">
    <p class='ocr_par' dir='ltr' id='par_1_2' title="bbox 269 330 1981 682">
     <span class='ocr_line' id='line_1_2' title="bbox 270 330 1981 415; baseline -0.001 -20"><span class='ocrx_word' id='word_1_4' title='bbox 270 334 619 415; x_wconf 60' lang='grc' dir='ltr'>Μιιιιιιηιηιιιιι</span> <span class='ocrx_word' id='word_1_5' title='bbox 625 331 891 410; x_wconf 70' lang='lat' dir='ltr'><strong>coniurassent</strong></span> <span class='ocrx_word' id='word_1_6' title='bbox 901 332 1100 394; x_wconf 76' lang='lat' dir='ltr'><strong>esbsltaalim.</strong></span> <span class='ocrx_word' id='word_1_7' title='bbox 1116 330 1141 391; x_wconf 82' lang='lat' dir='ltr'><strong>lt</strong></span> <span class='ocrx_word' id='word_1_8' title='bbox 1155 340 1216 395; x_wconf 86' lang='lat' dir='ltr'><strong>seat</strong></span> <span class='ocrx_word' id='word_1_9' title='bbox 1227 336 1357 412; x_wconf 84' lang='lat' dir='ltr'><strong>popalus</strong></span> <span class='ocrx_word' id='word_1_10' title='bbox 1368 335 1435 404; x_wconf 87' lang='lat' dir='ltr'><strong>isle,</strong></span> <span class='ocrx_word' id='word_1_11' title='bbox 1454 336 1528 411; x_wconf 88' lang='lat' dir='ltr'><strong>quia</strong></span> <span class='ocrx_word' id='word_1_12' title='bbox 1542 339 1575 395; x_wconf 91' lang='grc' dir='ltr'><strong>ιιι</strong></span> <span class='ocrx_word' id='word_1_13' title='bbox 1598 348 1630 393; x_wconf 87' lang='lat' dir='ltr'><strong>as</strong></span> <span class='ocrx_word' id='word_1_14' title='bbox 1644 330 1790 393; x_wconf 87' lang='lat' dir='ltr'><strong>Dominus</strong></span> <span class='ocrx_word' id='word_1_15' title='bbox 1806 336 1898 400; x_wconf 81' lang='lat' dir='ltr'><strong>Deae,</strong></span> <span class='ocrx_word' id='word_1_16' title='bbox 1912 338 1941 394; x_wconf 84' lang='lat' dir='ltr'><strong>at</strong></span> <span class='ocrx_word' id='word_1_17' title='bbox 1952 341 1981 397; x_wconf 90' lang='lat' dir='ltr'><strong>tu</strong></span> 
     </span>
     <span class='ocr_line' id='line_1_3' title="bbox 271 423 1981 499; baseline -0.004 -10"><span class='ocrx_word' id='word_1_18' title='bbox 271 432 482 489; x_wconf 74' lang='lat' dir='ltr'><strong>vaunnam</strong></span> <span class='ocrx_word' id='word_1_19' title='bbox 493 442 576 485; x_wconf 88' lang='lat' dir='ltr'><strong>naao</strong></span> <span class='ocrx_word' id='word_1_20' title='bbox 586 426 678 499; x_wconf 85' lang='lat' dir='ltr'><strong>mitte,</strong></span> <span class='ocrx_word' id='word_1_21' title='bbox 697 430 727 484; x_wconf 90' lang='lat' dir='ltr'><strong>at</strong></span> <span class='ocrx_word' id='word_1_22' title='bbox 750 440 901 498; x_wconf 72' lang='lat' dir='ltr'><strong>congrega</strong></span> <span class='ocrx_word' id='word_1_23' title='bbox 918 424 959 483; x_wconf 92' lang='lat' dir='ltr'><strong>ad</strong></span> <span class='ocrx_word' id='word_1_24' title='bbox 972 440 1022 481; x_wconf 90' lang='lat' dir='ltr'><strong>me</strong></span> <span class='ocrx_word' id='word_1_25' title='bbox 1037 423 1101 481; x_wconf 86' lang='lat' dir='ltr'><strong>uai-</strong></span> <span class='ocrx_word' id='word_1_26' title='bbox 1153 426 1323 484; x_wconf 90' lang='lat' dir='ltr'><strong>convertisti</strong></span> <span class='ocrx_word' id='word_1_27' title='bbox 1337 442 1388 485; x_wconf 88' lang='lat' dir='ltr'><strong>cor</strong></span> <span class='ocrx_word' id='word_1_28' title='bbox 1401 441 1505 483; x_wconf 88' lang='lat' dir='ltr'><strong>eorum</strong></span> <span class='ocrx_word' id='word_1_29' title='bbox 1520 425 1637 483; x_wconf 90' lang='lat' dir='ltr'><strong>iterum.</strong></span> <span class='ocrx_word' id='word_1_30' title='bbox 1654 424 1765 483; x_wconf 86' lang='lat' dir='ltr'><strong>Cecidit</strong></span> <span class='ocrx_word' id='word_1_31' title='bbox 1786 428 1888 483; x_wconf 88' lang='lat' dir='ltr'><strong>autam</strong></span> <span class='ocrx_word' id='word_1_32' title='bbox 1907 425 1981 497; x_wconf 75' lang='lat' dir='ltr'><strong>ignis</strong></span> 
     </span>
     <span class='ocr_line' id='line_1_4' title="bbox 269 512 1978 588; baseline -0.005 -9"><span class='ocrx_word' id='word_1_33' title='bbox 269 534 391 579; x_wconf 86' lang='lat' dir='ltr'><strong>versum</strong></span> <span class='ocrx_word' id='word_1_34' title='bbox 403 515 496 575; x_wconf 83' lang='lat' dir='ltr'><strong>iarael</strong></span> <span class='ocrx_word' id='word_1_35' title='bbox 507 516 540 573; x_wconf 93' lang='lat' dir='ltr'><strong>ia</strong></span> <span class='ocrx_word' id='word_1_36' title='bbox 553 518 655 575; x_wconf 85' lang='lat' dir='ltr'><strong>monte</strong></span> <span class='ocrx_word' id='word_1_37' title='bbox 669 514 805 582; x_wconf 81' lang='lat' dir='ltr'><strong>carmeli,</strong></span> <span class='ocrx_word' id='word_1_38' title='bbox 816 518 845 573; x_wconf 92' lang='lat' dir='ltr'><strong>et</strong></span> <span class='ocrx_word' id='word_1_39' title='bbox 856 513 1021 588; x_wconf 89' lang='lat' dir='ltr'><strong>prophetas</strong></span> <span class='ocrx_word' id='word_1_40' title='bbox 1031 512 1102 571; x_wconf 87' lang='lat' dir='ltr'><strong>Daal</strong></span> <span class='ocrx_word' id='word_1_41' title='bbox 1154 512 1283 580; x_wconf 87' lang='lat' dir='ltr'><strong>Domini,</strong></span> <span class='ocrx_word' id='word_1_42' title='bbox 1292 514 1667 586; x_wconf 83' lang='lat' dir='ltr'><strong>atvoravitholocaustam,</strong></span> <span class='ocrx_word' id='word_1_43' title='bbox 1686 512 1978 588; x_wconf 69' lang='lat' dir='ltr'><strong>strigmetlapiaes,</strong></span> 
     </span>
     <span class='ocr_line' id='line_1_5' title="bbox 270 601 1980 682; baseline -0.002 -17"><span class='ocrx_word' id='word_1_44' title='bbox 270 603 962 682; x_wconf 74' lang='lat' dir='ltr'><strong>quadringentoa,qainqnagiata,prophetasqae</strong></span> <span class='ocrx_word' id='word_1_45' title='bbox 974 601 1100 659; x_wconf 89' lang='lat' dir='ltr'><strong>lucorum</strong></span> <span class='ocrx_word' id='word_1_46' title='bbox 1154 602 1307 677; x_wconf 88' lang='lat' dir='ltr'><strong>pulverem</strong></span> <span class='ocrx_word' id='word_1_47' title='bbox 1315 620 1437 680; x_wconf 87' lang='lat' dir='ltr'><strong>qaoque</strong></span> <span class='ocrx_word' id='word_1_48' title='bbox 1445 610 1474 662; x_wconf 90' lang='lat' dir='ltr'><strong>et</strong></span> <span class='ocrx_word' id='word_1_49' title='bbox 1481 618 1668 678; x_wconf 80' lang='lat' dir='ltr'><strong>aquamque</strong></span> <span class='ocrx_word' id='word_1_50' title='bbox 1678 606 1742 661; x_wconf 89' lang='lat' dir='ltr'><strong>erat</strong></span> <span class='ocrx_word' id='word_1_51' title='bbox 1749 602 1781 659; x_wconf 94' lang='lat' dir='ltr'><strong>ia</strong></span> <span class='ocrx_word' id='word_1_52' title='bbox 1802 602 1980 675; x_wconf 82' lang='lat' dir='ltr'><strong>aquaeductu</strong></span> 
     </span>
    </p>
   </div>
   <div class='ocr_carea' id='block_1_3' title="bbox 151 690 1980 769">
    <p class='ocr_par' dir='ltr' id='par_1_3' title="bbox 151 690 1980 769">
     <span class='ocr_line' id='line_1_6' title="bbox 151 690 1980 769; baseline -0.002 -15"><span class='ocrx_word' id='word_1_53' title='bbox 151 738 155 743; x_wconf 87' lang='lat'>-</span> <span class='ocrx_word' id='word_1_54' title='bbox 269 690 1101 769; x_wconf 63' lang='lat' dir='ltr'><strong>quisuperbumcomeduntdemcnsatessbelai.</strong></span> <span class='ocrx_word' id='word_1_55' title='bbox 1153 692 1300 751; x_wconf 87' lang='lat' dir='ltr'><strong>lambens.</strong></span> <span class='ocrx_word' id='word_1_56' title='bbox 1315 694 1400 761; x_wconf 79' lang='lat' dir='ltr'><strong>Quod</strong></span> <span class='ocrx_word' id='word_1_57' title='bbox 1411 708 1480 751; x_wconf 89' lang='lat' dir='ltr'><strong>oum</strong></span> <span class='ocrx_word' id='word_1_58' title='bbox 1491 692 1713 751; x_wconf 86' lang='lat' dir='ltr'><strong>vidissatomais</strong></span> <span class='ocrx_word' id='word_1_59' title='bbox 1726 691 1868 767; x_wconf 86' lang='lat' dir='ltr'><strong>popalus,</strong></span> <span class='ocrx_word' id='word_1_60' title='bbox 1879 693 1980 751; x_wconf 83' lang='lat' dir='ltr'><strong>occidit</strong></span> 
     </span>
    </p>
   </div>
   <div class='ocr_carea' id='block_1_4' title="bbox 187 780 2045 5592">
    <p class='ocr_par' dir='ltr' id='par_1_4' title="bbox 267 780 1983 1035">
     <span class='ocr_line' id='line_1_7' title="bbox 269 780 1979 854; baseline -0.002 -11"><span class='ocrx_word' id='word_1_61' title='bbox 269 786 307 843; x_wconf 87' lang='lat' dir='ltr'><strong>ait</strong></span> <span class='ocrx_word' id='word_1_62' title='bbox 313 785 416 843; x_wconf 86' lang='lat' dir='ltr'><strong>achab</strong></span> <span class='ocrx_word' id='word_1_63' title='bbox 423 784 464 843; x_wconf 91' lang='lat' dir='ltr'><strong>ad</strong></span> <span class='ocrx_word' id='word_1_64' title='bbox 473 798 579 842; x_wconf 89' lang='lat' dir='ltr'><strong>omnes</strong></span> <span class='ocrx_word' id='word_1_65' title='bbox 589 781 667 841; x_wconf 87' lang='lat' dir='ltr'><strong>illics</strong></span> <span class='ocrx_word' id='word_1_66' title='bbox 676 784 777 852; x_wconf 88' lang='lat' dir='ltr'><strong>lsrael,</strong></span> <span class='ocrx_word' id='word_1_67' title='bbox 787 788 816 841; x_wconf 91' lang='lat' dir='ltr'><strong>et</strong></span> <span class='ocrx_word' id='word_1_68' title='bbox 829 780 1023 854; x_wconf 77' lang='lat' dir='ltr'><strong>congregavit</strong></span> <span class='ocrx_word' id='word_1_69' title='bbox 1030 794 1101 853; x_wconf 92' lang='lat' dir='ltr'><strong>pro.</strong></span> <span class='ocrx_word' id='word_1_70' title='bbox 1153 781 1185 839; x_wconf 91' lang='lat' dir='ltr'><strong>in</strong></span> <span class='ocrx_word' id='word_1_71' title='bbox 1200 781 1309 841; x_wconf 85' lang='lat' dir='ltr'><strong>faciem</strong></span> <span class='ocrx_word' id='word_1_72' title='bbox 1321 798 1408 841; x_wconf 89' lang='lat' dir='ltr'><strong>suam</strong></span> <span class='ocrx_word' id='word_1_73' title='bbox 1423 787 1452 841; x_wconf 88' lang='lat' dir='ltr'><strong>et</strong></span> <span class='ocrx_word' id='word_1_74' title='bbox 1465 782 1506 840; x_wconf 87' lang='lat' dir='ltr'><strong>ait</strong></span> <span class='ocrx_word' id='word_1_75' title='bbox 1521 798 1528 839; x_wconf 76' lang='grc' dir='ltr'><strong><em>ε</em></strong></span> <span class='ocrx_word' id='word_1_76' title='bbox 1544 782 1690 840; x_wconf 79' lang='lat' dir='ltr'><strong>Dominus</strong></span> <span class='ocrx_word' id='word_1_77' title='bbox 1701 782 1763 854; x_wconf 88' lang='lat' dir='ltr'><strong>ipse</strong></span> <span class='ocrx_word' id='word_1_78' title='bbox 1775 786 1821 839; x_wconf 90' lang='lat' dir='ltr'><strong>est</strong></span> <span class='ocrx_word' id='word_1_79' title='bbox 1831 782 1918 847; x_wconf 89' lang='lat' dir='ltr'><strong>Deus,</strong></span> <span class='ocrx_word' id='word_1_80' title='bbox 1929 781 1979 839; x_wconf 78' lang='lat' dir='ltr'><strong>Do</strong></span> 
     </span>
     <span class='ocr_line' id='line_1_8' title="bbox 267 868 1981 948; baseline -0.002 -17"><span class='ocrx_word' id='word_1_81' title='bbox 267 873 412 948; x_wconf 79' lang='lat' dir='ltr'><strong>phausia</strong></span> <span class='ocrx_word' id='word_1_82' title='bbox 420 874 522 930; x_wconf 89' lang='lat' dir='ltr'><strong>monte</strong></span> <span class='ocrx_word' id='word_1_83' title='bbox 534 870 670 930; x_wconf 71' lang='lat' dir='ltr'><strong>cumali.</strong></span> <span class='ocrx_word' id='word_1_84' title='bbox 679 871 942 930; x_wconf 81' lang='lat' dir='ltr'><strong>Accedcaaautem</strong></span> <span class='ocrx_word' id='word_1_85' title='bbox 951 870 1049 927; x_wconf 85' lang='lat' dir='ltr'><strong>Delius</strong></span> <span class='ocrx_word' id='word_1_86' title='bbox 1060 868 1099 927; x_wconf 91' lang='lat' dir='ltr'><strong>ad</strong></span> <span class='ocrx_word' id='word_1_87' title='bbox 1152 870 1253 929; x_wconf 90' lang='lat' dir='ltr'><strong>minus</strong></span> <span class='ocrx_word' id='word_1_88' title='bbox 1262 872 1327 944; x_wconf 90' lang='lat' dir='ltr'><strong>ipse</strong></span> <span class='ocrx_word' id='word_1_89' title='bbox 1336 878 1380 930; x_wconf 89' lang='lat' dir='ltr'><strong>ost</strong></span> <span class='ocrx_word' id='word_1_90' title='bbox 1395 875 1481 929; x_wconf 88' lang='lat' dir='ltr'><strong>Deus.</strong></span> <span class='ocrx_word' id='word_1_91' title='bbox 1494 872 1628 945; x_wconf 85' lang='lat' dir='ltr'><strong>Dixitque</strong></span> <span class='ocrx_word' id='word_1_92' title='bbox 1639 870 1735 928; x_wconf 82' lang='lat' dir='ltr'><strong>ileliae</strong></span> <span class='ocrx_word' id='word_1_93' title='bbox 1747 870 1862 929; x_wconf 87' lang='lat' dir='ltr'><strong>adeas:</strong></span> <span class='ocrx_word' id='word_1_94' title='bbox 1872 874 1981 943; x_wconf 78' lang='lat' dir='ltr'><strong>appra-</strong></span> 
     </span>
     <span class='ocr_line' id='line_1_9' title="bbox 267 956 1983 1035; baseline -0.003 -15"><span class='ocrx_word' id='word_1_95' title='bbox 267 977 390 1020; x_wconf 88' lang='lat' dir='ltr'><strong>omnesn</strong></span> <span class='ocrx_word' id='word_1_96' title='bbox 404 958 663 1035; x_wconf 88' lang='lat' dir='ltr'><strong>popaiumlsrael,</strong></span> <span class='ocrx_word' id='word_1_97' title='bbox 675 961 717 1018; x_wconf 87' lang='lat' dir='ltr'><strong>eit</strong></span> <span class='ocrx_word' id='word_1_98' title='bbox 731 962 913 1034; x_wconf 88' lang='lat' dir='ltr'><strong>:Usquequo</strong></span> <span class='ocrx_word' id='word_1_99' title='bbox 925 956 1100 1016; x_wconf 83' lang='lat' dir='ltr'><strong>claudicatis</strong></span> <span class='ocrx_word' id='word_1_100' title='bbox 1150 958 1273 1016; x_wconf 89' lang='lat' dir='ltr'><strong>beudite</strong></span> <span class='ocrx_word' id='word_1_101' title='bbox 1283 961 1444 1034; x_wconf 88' lang='lat' dir='ltr'><strong>prophetas</strong></span> <span class='ocrx_word' id='word_1_102' title='bbox 1456 960 1534 1026; x_wconf 84' lang='lat' dir='ltr'><strong>Baal,</strong></span> <span class='ocrx_word' id='word_1_103' title='bbox 1549 964 1713 1017; x_wconf 83' lang='lat' dir='ltr'><strong>elusanus</strong></span> <span class='ocrx_word' id='word_1_104' title='bbox 1730 958 1854 1032; x_wconf 87' lang='lat' dir='ltr'><strong>quidem</strong></span> <span class='ocrx_word' id='word_1_105' title='bbox 1864 956 1983 1030; x_wconf 73' lang='lat' dir='ltr'><strong>effugiat</strong></span> 
     </span>
    </p>

    <p class='ocr_par' dir='ltr' id='par_1_5' title="bbox 264 1042 1984 1745">
     <span class='ocr_line' id='line_1_10' title="bbox 266 1042 1982 1123; baseline -0.002 -14"><span class='ocrx_word' id='word_1_106' title='bbox 266 1051 298 1109; x_wconf 87' lang='lat' dir='ltr'><strong>ia</strong></span> <span class='ocrx_word' id='word_1_107' title='bbox 306 1050 512 1123; x_wconf 77' lang='lat' dir='ltr'><strong>dassparrest</strong></span> <span class='ocrx_word' id='word_1_108' title='bbox 524 1049 840 1116; x_wconf 86' lang='lat' dir='ltr'><strong>siDominusestDeas,</strong></span> <span class='ocrx_word' id='word_1_109' title='bbox 852 1047 1007 1123; x_wconf 74' lang='lat' dir='ltr'><strong>sequimini</strong></span> <span class='ocrx_word' id='word_1_110' title='bbox 1015 1061 1096 1104; x_wconf 92' lang='lat' dir='ltr'><strong>eum:</strong></span> <span class='ocrx_word' id='word_1_111' title='bbox 1127 1042 1129 1048; x_wconf 52' lang='lat'><strong><em>⁴</em></strong></span> <span class='ocrx_word' id='word_1_112' title='bbox 1152 1062 1189 1105; x_wconf 85' lang='lat' dir='ltr'><strong>ex</strong></span> <span class='ocrx_word' id='word_1_113' title='bbox 1198 1048 1253 1105; x_wconf 87' lang='lat' dir='ltr'><strong>eis.</strong></span> <span class='ocrx_word' id='word_1_114' title='bbox 1266 1050 1347 1115; x_wconf 79' lang='lat' dir='ltr'><strong>Quos</strong></span> <span class='ocrx_word' id='word_1_115' title='bbox 1358 1064 1428 1106; x_wconf 90' lang='lat' dir='ltr'><strong>cum</strong></span> <span class='ocrx_word' id='word_1_116' title='bbox 1438 1048 1715 1123; x_wconf 74' lang='lat' dir='ltr'>apprehendissent,</span> <span class='ocrx_word' id='word_1_117' title='bbox 1728 1048 1813 1105; x_wconf 84' lang='lat' dir='ltr'><strong>duxit</strong></span> <span class='ocrx_word' id='word_1_118' title='bbox 1823 1062 1877 1105; x_wconf 89' lang='lat' dir='ltr'><strong>eoa</strong></span> <span class='ocrx_word' id='word_1_119' title='bbox 1889 1046 1982 1105; x_wconf 85' lang='lat' dir='ltr'><strong>Delius</strong></span> 
     </span>
     <span class='ocr_line' id='line_1_11' title="bbox 268 1136 1978 1211; baseline -0.001 -15"><span class='ocrx_word' id='word_1_120' title='bbox 268 1139 406 1197; x_wconf 89' lang='lat' dir='ltr'><strong>aiautem</strong></span> <span class='ocrx_word' id='word_1_121' title='bbox 426 1136 509 1204; x_wconf 85' lang='lat' dir='ltr'><strong>Baal,</strong></span> <span class='ocrx_word' id='word_1_122' title='bbox 529 1136 691 1211; x_wconf 74' lang='lat' dir='ltr'>sequimini</span> <span class='ocrx_word' id='word_1_123' title='bbox 703 1138 798 1196; x_wconf 89' lang='lat' dir='ltr'><strong>illum.</strong></span> <span class='ocrx_word' id='word_1_124' title='bbox 823 1141 857 1196; x_wconf 79' lang='lat' dir='ltr'><strong>al</strong></span> <span class='ocrx_word' id='word_1_125' title='bbox 871 1136 1098 1211; x_wconf 89' lang='lat' dir='ltr'><strong>nonrespondit</strong></span> <span class='ocrx_word' id='word_1_126' title='bbox 1152 1136 1192 1193; x_wconf 91' lang='lat' dir='ltr'><strong>ad</strong></span> <span class='ocrx_word' id='word_1_127' title='bbox 1208 1141 1368 1195; x_wconf 78' lang='lat' dir='ltr'><strong>torrentem</strong></span> <span class='ocrx_word' id='word_1_128' title='bbox 1385 1138 1482 1205; x_wconf 86' lang='lat' dir='ltr'><strong>Cison,</strong></span> <span class='ocrx_word' id='word_1_129' title='bbox 1498 1142 1527 1195; x_wconf 89' lang='lat' dir='ltr'><strong>et</strong></span> <span class='ocrx_word' id='word_1_130' title='bbox 1539 1136 1685 1195; x_wconf 84' lang='lat' dir='ltr'><strong>interiecit</strong></span> <span class='ocrx_word' id='word_1_131' title='bbox 1693 1152 1745 1195; x_wconf 82' lang='lat' dir='ltr'><strong>cos</strong></span> <span class='ocrx_word' id='word_1_132' title='bbox 1759 1136 1810 1194; x_wconf 92' lang='lat' dir='ltr'><strong>ibi.</strong></span> <span class='ocrx_word' id='word_1_133' title='bbox 1827 1147 1861 1209; x_wconf 73' lang='lat' dir='ltr'><strong>ry.</strong></span> <span class='ocrx_word' id='word_1_134' title='bbox 1876 1138 1978 1194; x_wconf 82' lang='lat' dir='ltr'><strong>amca</strong></span> 
     </span>
     <span class='ocr_line' id='line_1_12' title="bbox 266 1223 1980 1301; baseline -0.002 -15"><span class='ocrx_word' id='word_1_135' title='bbox 266 1225 397 1301; x_wconf 69' lang='grc'>01340</span> <span class='ocrx_word' id='word_1_136' title='bbox 410 1225 541 1301; x_wconf 88' lang='lat' dir='ltr'><strong>populas</strong></span> <span class='ocrx_word' id='word_1_137' title='bbox 557 1226 692 1285; x_wconf 83' lang='lat' dir='ltr'><strong>verbum.</strong></span> <span class='ocrx_word' id='word_1_138' title='bbox 707 1230 740 1285; x_wconf 81' lang='lat' dir='ltr'><strong>at</strong></span> <span class='ocrx_word' id='word_1_139' title='bbox 752 1227 795 1286; x_wconf 91' lang='lat' dir='ltr'><strong>ait</strong></span> <span class='ocrx_word' id='word_1_140' title='bbox 808 1243 913 1285; x_wconf 88' lang='lat' dir='ltr'><strong>rursus</strong></span> <span class='ocrx_word' id='word_1_141' title='bbox 937 1224 1035 1284; x_wconf 80' lang='lat' dir='ltr'><strong>Deliae</strong></span> <span class='ocrx_word' id='word_1_142' title='bbox 1058 1223 1098 1283; x_wconf 92' lang='lat' dir='ltr'><strong>ad</strong></span> <span class='ocrx_word' id='word_1_143' title='bbox 1186 1225 1356 1298; x_wconf 76' lang='lat' dir='ltr'><strong>antiplona</strong></span> <span class='ocrx_word' id='word_1_144' title='bbox 1369 1230 1391 1283; x_wconf 93' lang='grc' dir='ltr'>ι.</span> <span class='ocrx_word' id='word_1_145' title='bbox 1409 1227 1437 1285; x_wconf 82' lang='lat' dir='ltr'><strong>Si</strong></span> <span class='ocrx_word' id='word_1_146' title='bbox 1452 1226 1648 1283; x_wconf 74' lang='lat' dir='ltr'><strong>ambulavero</strong></span> <span class='ocrx_word' id='word_1_147' title='bbox 1661 1226 1692 1283; x_wconf 88' lang='lat' dir='ltr'><strong>iu</strong></span> <span class='ocrx_word' id='word_1_148' title='bbox 1705 1224 1805 1283; x_wconf 85' lang='lat' dir='ltr'><strong>medio</strong></span> <span class='ocrx_word' id='word_1_149' title='bbox 1818 1224 1980 1283; x_wconf 89' lang='lat' dir='ltr'><strong>tribulatio-</strong></span> 
     </span>
     <span class='ocr_line' id='line_1_13' title="bbox 265 1312 1980 1390; baseline -0.002 -16"><span class='ocrx_word' id='word_1_150' title='bbox 265 1316 433 1390; x_wconf 84' lang='lat' dir='ltr'><strong>populum:</strong></span> <span class='ocrx_word' id='word_1_151' title='bbox 454 1317 531 1387; x_wconf 73' lang='lat' dir='ltr'><strong>Ergo</strong></span> <span class='ocrx_word' id='word_1_152' title='bbox 542 1316 673 1373; x_wconf 87' lang='lat' dir='ltr'><strong>remansi</strong></span> <span class='ocrx_word' id='word_1_153' title='bbox 687 1317 833 1389; x_wconf 90' lang='lat' dir='ltr'><strong>propbeta</strong></span> <span class='ocrx_word' id='word_1_154' title='bbox 851 1315 970 1373; x_wconf 86' lang='lat' dir='ltr'><strong>Domini</strong></span> <span class='ocrx_word' id='word_1_155' title='bbox 989 1314 1095 1371; x_wconf 89' lang='lat' dir='ltr'><strong>solas:</strong></span> <span class='ocrx_word' id='word_1_156' title='bbox 1149 1313 1208 1385; x_wconf 88' lang='lat' dir='ltr'><strong>nis,</strong></span> <span class='ocrx_word' id='word_1_157' title='bbox 1227 1313 1391 1373; x_wconf 85' lang='lat' dir='ltr'><strong>vivificabis</strong></span> <span class='ocrx_word' id='word_1_158' title='bbox 1403 1330 1468 1371; x_wconf 87' lang='lat' dir='ltr'><strong>me:</strong></span> <span class='ocrx_word' id='word_1_159' title='bbox 1484 1318 1512 1372; x_wconf 91' lang='lat' dir='ltr'><strong>el</strong></span> <span class='ocrx_word' id='word_1_160' title='bbox 1525 1328 1616 1387; x_wconf 89' lang='lat' dir='ltr'><strong>super</strong></span> <span class='ocrx_word' id='word_1_161' title='bbox 1629 1312 1896 1372; x_wconf 85' lang='lat' dir='ltr'><strong>iramiuimicorum</strong></span> <span class='ocrx_word' id='word_1_162' title='bbox 1909 1328 1980 1371; x_wconf 82' lang='lat' dir='ltr'><strong>meo</strong></span> 
     </span>
     <span class='ocr_line' id='line_1_14' title="bbox 265 1402 1984 1479; baseline -0.002 -16"><span class='ocrx_word' id='word_1_163' title='bbox 265 1403 1094 1479; x_wconf 72' lang='lat' dir='ltr'><strong>prophstssutemaaalquadringentietqaiaquagiata,</strong></span> <span class='ocrx_word' id='word_1_164' title='bbox 1148 1418 1216 1459; x_wconf 92' lang='lat' dir='ltr'><strong>rum</strong></span> <span class='ocrx_word' id='word_1_165' title='bbox 1247 1404 1403 1461; x_wconf 78' lang='lat' dir='ltr'><strong>extendisti</strong></span> <span class='ocrx_word' id='word_1_166' title='bbox 1429 1407 1662 1475; x_wconf 91' lang='lat' dir='ltr'><strong>manamtuam,</strong></span> <span class='ocrx_word' id='word_1_167' title='bbox 1676 1407 1704 1461; x_wconf 90' lang='lat' dir='ltr'><strong>ot</strong></span> <span class='ocrx_word' id='word_1_168' title='bbox 1719 1403 1835 1460; x_wconf 90' lang='lat' dir='ltr'><strong>salvum</strong></span> <span class='ocrx_word' id='word_1_169' title='bbox 1849 1419 1902 1461; x_wconf 92' lang='lat' dir='ltr'><strong>me</strong></span> <span class='ocrx_word' id='word_1_170' title='bbox 1918 1402 1984 1460; x_wconf 87' lang='lat' dir='ltr'><strong>lecit</strong></span> 
     </span>
     <span class='ocr_line' id='line_1_15' title="bbox 265 1490 1980 1568; baseline -0.001 -17"><span class='ocrx_word' id='word_1_171' title='bbox 265 1492 618 1568; x_wconf 75' lang='lat' dir='ltr'><strong>prophataeqaelucorum</strong></span> <span class='ocrx_word' id='word_1_172' title='bbox 624 1493 829 1567; x_wconf 81' lang='lat' dir='ltr'><strong>quadringenti</strong></span> <span class='ocrx_word' id='word_1_173' title='bbox 835 1493 890 1551; x_wconf 93' lang='lat' dir='ltr'><strong>viri</strong></span> <span class='ocrx_word' id='word_1_174' title='bbox 898 1498 976 1552; x_wconf 82' lang='lat' dir='ltr'><strong>suat</strong></span> <span class='ocrx_word' id='word_1_175' title='bbox 988 1497 1097 1551; x_wconf 90' lang='lat' dir='ltr'><strong>Dantur</strong></span> <span class='ocrx_word' id='word_1_176' title='bbox 1148 1490 1383 1553; x_wconf 64' lang='lat' dir='ltr'><strong>dexteramei.</strong></span> <span class='ocrx_word' id='word_1_177' title='bbox 1397 1492 1691 1551; x_wconf 88' lang='lat' dir='ltr'><strong>Dominusretribuct</strong></span> <span class='ocrx_word' id='word_1_178' title='bbox 1705 1506 1761 1567; x_wconf 90' lang='lat' dir='ltr'><strong>pro</strong></span> <span class='ocrx_word' id='word_1_179' title='bbox 1771 1505 1819 1550; x_wconf 87' lang='lat' dir='ltr'><strong>aaa</strong></span> <span class='ocrx_word' id='word_1_180' title='bbox 1835 1510 1842 1549; x_wconf 94' lang='lat'><strong>:</strong></span> <span class='ocrx_word' id='word_1_181' title='bbox 1859 1492 1980 1550; x_wconf 89' lang='lat' dir='ltr'><strong>Domine</strong></span> 
     </span>
     <span class='ocr_line' id='line_1_16' title="bbox 264 1580 1982 1655; baseline 0.001 -16"><span class='ocrx_word' id='word_1_182' title='bbox 264 1582 355 1641; x_wconf 87' lang='lat' dir='ltr'><strong>nohis</strong></span> <span class='ocrx_word' id='word_1_183' title='bbox 367 1582 428 1640; x_wconf 90' lang='lat' dir='ltr'><strong>duo</strong></span> <span class='ocrx_word' id='word_1_184' title='bbox 442 1582 536 1641; x_wconf 88' lang='lat' dir='ltr'><strong>boves</strong></span> <span class='ocrx_word' id='word_1_185' title='bbox 549 1600 558 1651; x_wconf 90' lang='lat'>;</span> <span class='ocrx_word' id='word_1_186' title='bbox 573 1581 651 1640; x_wconf 91' lang='lat' dir='ltr'><strong>clilli</strong></span> <span class='ocrx_word' id='word_1_187' title='bbox 663 1582 775 1655; x_wconf 73' lang='lat' dir='ltr'><strong>eligant</strong></span> <span class='ocrx_word' id='word_1_188' title='bbox 788 1583 846 1641; x_wconf 89' lang='lat' dir='ltr'><strong>sibi</strong></span> <span class='ocrx_word' id='word_1_189' title='bbox 863 1585 973 1641; x_wconf 88' lang='lat' dir='ltr'><strong>bovam</strong></span> <span class='ocrx_word' id='word_1_190' title='bbox 985 1582 1093 1650; x_wconf 74' lang='lat' dir='ltr'><strong>aarum,</strong></span> <span class='ocrx_word' id='word_1_191' title='bbox 1148 1580 1355 1638; x_wconf 90' lang='lat' dir='ltr'><strong>misericordia</strong></span> <span class='ocrx_word' id='word_1_192' title='bbox 1366 1584 1417 1639; x_wconf 86' lang='lat' dir='ltr'><strong>tua</strong></span> <span class='ocrx_word' id='word_1_193' title='bbox 1427 1582 1459 1637; x_wconf 91' lang='lat' dir='ltr'><strong>in</strong></span> <span class='ocrx_word' id='word_1_194' title='bbox 1472 1586 1618 1639; x_wconf 77' lang='lat' dir='ltr'><strong>eternum</strong></span> <span class='ocrx_word' id='word_1_195' title='bbox 1633 1596 1742 1655; x_wconf 81' lang='lat' dir='ltr'><strong>repara</strong></span> <span class='ocrx_word' id='word_1_196' title='bbox 1755 1596 1904 1640; x_wconf 74' lang='lat' dir='ltr'><strong>ramnum</strong></span> <span class='ocrx_word' id='word_1_197' title='bbox 1919 1586 1982 1640; x_wconf 85' lang='lat' dir='ltr'><strong>tua·</strong></span> 
     </span>
     <span class='ocr_line' id='line_1_17' title="bbox 265 1668 1447 1745; baseline -0.004 -17"><span class='ocrx_word' id='word_1_198' title='bbox 265 1670 333 1729; x_wconf 89' lang='lat' dir='ltr'><strong>etia</strong></span> <span class='ocrx_word' id='word_1_199' title='bbox 349 1670 613 1738; x_wconf 78' lang='lat' dir='ltr'><strong>assuescentes,</strong></span> <span class='ocrx_word' id='word_1_200' title='bbox 624 1676 740 1745; x_wconf 89' lang='lat' dir='ltr'><strong>ponuat</strong></span> <span class='ocrx_word' id='word_1_201' title='bbox 763 1687 853 1745; x_wconf 90' lang='lat' dir='ltr'><strong>super</strong></span> <span class='ocrx_word' id='word_1_202' title='bbox 876 1670 969 1743; x_wconf 72' lang='lat' dir='ltr'><strong>byns,</strong></span> <span class='ocrx_word' id='word_1_203' title='bbox 992 1672 1094 1744; x_wconf 75' lang='lat' dir='ltr'><strong>ignem</strong></span> <span class='ocrx_word' id='word_1_204' title='bbox 1111 1684 1216 1745; x_wconf 66' lang='lat' dir='ltr'><strong>prum</strong></span> <span class='ocrx_word' id='word_1_205' title='bbox 1235 1684 1274 1727; x_wconf 91' lang='lat' dir='ltr'><strong>ne</strong></span> <span class='ocrx_word' id='word_1_206' title='bbox 1288 1668 1447 1743; x_wconf 84' lang='lat' dir='ltr'><strong>despicias.</strong></span> 
     </span>
    </p>

    <p class='ocr_par' dir='ltr' id='par_1_6' title="bbox 260 1758 1980 2369">
     <span class='ocr_line' id='line_1_18' title="bbox 264 1758 1980 1834; baseline -0.002 -16"><span class='ocrx_word' id='word_1_207' title='bbox 264 1762 366 1819; x_wconf 86' lang='lat' dir='ltr'><strong>autem</strong></span> <span class='ocrx_word' id='word_1_208' title='bbox 377 1773 440 1817; x_wconf 92' lang='lat' dir='ltr'><strong>noa</strong></span> <span class='ocrx_word' id='word_1_209' title='bbox 454 1764 628 1833; x_wconf 88' lang='lat' dir='ltr'><strong>supponant</strong></span> <span class='ocrx_word' id='word_1_210' title='bbox 643 1763 691 1818; x_wconf 90' lang='lat' dir='ltr'><strong>:et</strong></span> <span class='ocrx_word' id='word_1_211' title='bbox 701 1761 875 1834; x_wconf 76' lang='lat' dir='ltr'><strong>egolaciam</strong></span> <span class='ocrx_word' id='word_1_212' title='bbox 888 1761 997 1819; x_wconf 89' lang='lat' dir='ltr'><strong>bovem</strong></span> <span class='ocrx_word' id='word_1_213' title='bbox 1023 1760 1093 1819; x_wconf 85' lang='lat' dir='ltr'><strong>alle-</strong></span> <span class='ocrx_word' id='word_1_214' title='bbox 1184 1758 1298 1816; x_wconf 79' lang='lat' dir='ltr'><strong>Oratio.</strong></span> <span class='ocrx_word' id='word_1_215' title='bbox 1315 1758 1343 1816; x_wconf 86' lang='lat' dir='ltr'><strong>Si</strong></span> <span class='ocrx_word' id='word_1_216' title='bbox 1359 1758 1609 1817; x_wconf 79' lang='lat' dir='ltr'><strong>ambulaverimus</strong></span> <span class='ocrx_word' id='word_1_217' title='bbox 1623 1758 1654 1815; x_wconf 91' lang='lat' dir='ltr'><strong>ia</strong></span> <span class='ocrx_word' id='word_1_218' title='bbox 1668 1758 1768 1818; x_wconf 91' lang='lat' dir='ltr'><strong>medio</strong></span> <span class='ocrx_word' id='word_1_219' title='bbox 1780 1758 1980 1818; x_wconf 74' lang='lat' dir='ltr'><strong>tribulationis</strong></span> 
     </span>
     <span class='ocr_line' id='line_1_19' title="bbox 262 1846 1980 1923; baseline 0 -16"><span class='ocrx_word' id='word_1_220' title='bbox 262 1852 380 1914; x_wconf 71' lang='lat' dir='ltr'><strong>ramat</strong></span> <span class='ocrx_word' id='word_1_221' title='bbox 395 1846 553 1921; x_wconf 88' lang='lat' dir='ltr'><strong>imponam</strong></span> <span class='ocrx_word' id='word_1_222' title='bbox 572 1863 662 1922; x_wconf 85' lang='lat' dir='ltr'><strong>saper</strong></span> <span class='ocrx_word' id='word_1_223' title='bbox 681 1847 884 1923; x_wconf 69' lang='lat' dir='ltr'><strong>liguaissaem</strong></span> <span class='ocrx_word' id='word_1_224' title='bbox 906 1854 1007 1908; x_wconf 88' lang='lat' dir='ltr'><strong>autem</strong></span> <span class='ocrx_word' id='word_1_225' title='bbox 1031 1865 1094 1909; x_wconf 91' lang='lat' dir='ltr'><strong>noa</strong></span> <span class='ocrx_word' id='word_1_226' title='bbox 1146 1850 1265 1913; x_wconf 77' lang='lat' dir='ltr'><strong>nostre,</strong></span> <span class='ocrx_word' id='word_1_227' title='bbox 1276 1848 1401 1907; x_wconf 90' lang='lat' dir='ltr'><strong>Domine</strong></span> <span class='ocrx_word' id='word_1_228' title='bbox 1412 1847 1532 1907; x_wconf 87' lang='lat' dir='ltr'><strong>vivilica</strong></span> <span class='ocrx_word' id='word_1_229' title='bbox 1540 1853 1654 1917; x_wconf 89' lang='lat' dir='ltr'><strong>nos;at</strong></span> <span class='ocrx_word' id='word_1_230' title='bbox 1663 1848 1836 1923; x_wconf 85' lang='lat' dir='ltr'><strong>saperiram</strong></span> <span class='ocrx_word' id='word_1_231' title='bbox 1845 1848 1980 1907; x_wconf 88' lang='lat' dir='ltr'><strong>inimico·</strong></span> 
     </span>
     <span class='ocr_line' id='line_1_20' title="bbox 263 1936 1979 2011; baseline 0 -16"><span class='ocrx_word' id='word_1_232' title='bbox 263 1950 446 2011; x_wconf 82' lang='lat' dir='ltr'><strong>supponam.</strong></span> <span class='ocrx_word' id='word_1_233' title='bbox 457 1940 594 1995; x_wconf 79' lang='lat' dir='ltr'><strong>lasocue</strong></span> <span class='ocrx_word' id='word_1_234' title='bbox 603 1938 862 1997; x_wconf 88' lang='lat' dir='ltr'><strong>nominadeorum</strong></span> <span class='ocrx_word' id='word_1_235' title='bbox 875 1944 1053 2009; x_wconf 88' lang='lat' dir='ltr'><strong>vestrorum,</strong></span> <span class='ocrx_word' id='word_1_236' title='bbox 1064 1944 1093 1997; x_wconf 90' lang='lat' dir='ltr'><strong>et</strong></span> <span class='ocrx_word' id='word_1_237' title='bbox 1145 1952 1214 1994; x_wconf 88' lang='lat' dir='ltr'><strong>rum</strong></span> <span class='ocrx_word' id='word_1_238' title='bbox 1227 1942 1398 1996; x_wconf 86' lang='lat' dir='ltr'><strong>nostrorum</strong></span> <span class='ocrx_word' id='word_1_239' title='bbox 1412 1937 1511 1996; x_wconf 90' lang='lat' dir='ltr'><strong>emitte</strong></span> <span class='ocrx_word' id='word_1_240' title='bbox 1520 1952 1647 1995; x_wconf 89' lang='lat' dir='ltr'><strong>manum</strong></span> <span class='ocrx_word' id='word_1_241' title='bbox 1661 1942 1747 1996; x_wconf 87' lang='lat' dir='ltr'><strong>tuam</strong></span> <span class='ocrx_word' id='word_1_242' title='bbox 1758 1955 1766 1993; x_wconf 74' lang='grc' dir='ltr'>ι</span> <span class='ocrx_word' id='word_1_243' title='bbox 1779 1942 1808 1995; x_wconf 89' lang='lat' dir='ltr'><strong>et</strong></span> <span class='ocrx_word' id='word_1_244' title='bbox 1815 1936 1914 1995; x_wconf 86' lang='lat' dir='ltr'><strong>libera</strong></span> <span class='ocrx_word' id='word_1_245' title='bbox 1924 1952 1979 1997; x_wconf 88' lang='lat' dir='ltr'><strong>nos</strong></span> 
     </span>
     <span class='ocr_line' id='line_1_21' title="bbox 263 2024 1978 2102; baseline 0.001 -19"><span class='ocrx_word' id='word_1_246' title='bbox 263 2040 336 2099; x_wconf 73' lang='lat' dir='ltr'><strong>ergo</strong></span> <span class='ocrx_word' id='word_1_247' title='bbox 347 2025 881 2087; x_wconf 79' lang='lat' dir='ltr'><strong>invocabonomenDeimeizelDeus</strong></span> <span class='ocrx_word' id='word_1_248' title='bbox 893 2028 1092 2102; x_wconf 85' lang='lat' dir='ltr'><strong>quiexaudie·</strong></span> <span class='ocrx_word' id='word_1_249' title='bbox 1145 2024 1397 2100; x_wconf 86' lang='lat' dir='ltr'><strong>dexteratua,qui</strong></span> <span class='ocrx_word' id='word_1_250' title='bbox 1411 2026 1507 2085; x_wconf 85' lang='lat' dir='ltr'><strong>vicisti</strong></span> <span class='ocrx_word' id='word_1_251' title='bbox 1518 2026 1667 2085; x_wconf 92' lang='lat' dir='ltr'><strong>mundum</strong></span> <span class='ocrx_word' id='word_1_252' title='bbox 1677 2042 1731 2101; x_wconf 88' lang='lat' dir='ltr'><strong>par</strong></span> <span class='ocrx_word' id='word_1_253' title='bbox 1755 2027 1856 2085; x_wconf 87' lang='lat' dir='ltr'><strong>cruois</strong></span> <span class='ocrx_word' id='word_1_254' title='bbox 1869 2031 1930 2087; x_wconf 81' lang='lat' dir='ltr'><strong>tura</strong></span> <span class='ocrx_word' id='word_1_255' title='bbox 1938 2028 1978 2085; x_wconf 88' lang='lat' dir='ltr'><strong>ia-</strong></span> 
     </span>
     <span class='ocr_line' id='line_1_22' title="bbox 261 2114 1977 2191; baseline 0.002 -18"><span class='ocrx_word' id='word_1_256' title='bbox 261 2114 484 2191; x_wconf 69' lang='lat' dir='ltr'><strong>ritperissnem,</strong></span> <span class='ocrx_word' id='word_1_257' title='bbox 501 2116 566 2189; x_wconf 88' lang='lat' dir='ltr'><strong>ipae</strong></span> <span class='ocrx_word' id='word_1_258' title='bbox 579 2116 616 2174; x_wconf 89' lang='lat' dir='ltr'><strong>ait</strong></span> <span class='ocrx_word' id='word_1_259' title='bbox 631 2118 722 2175; x_wconf 85' lang='lat' dir='ltr'><strong>Deus.</strong></span> <span class='ocrx_word' id='word_1_260' title='bbox 739 2118 937 2191; x_wconf 80' lang='lat' dir='ltr'><strong>Respondeas</strong></span> <span class='ocrx_word' id='word_1_261' title='bbox 951 2117 1092 2191; x_wconf 87' lang='lat' dir='ltr'><strong>omnipo-</strong></span> <span class='ocrx_word' id='word_1_262' title='bbox 1146 2114 1340 2174; x_wconf 84' lang='lat' dir='ltr'><strong>victissimum</strong></span> <span class='ocrx_word' id='word_1_263' title='bbox 1360 2115 1482 2188; x_wconf 77' lang='lat' dir='ltr'><strong>signum</strong></span> <span class='ocrx_word' id='word_1_264' title='bbox 1500 2134 1507 2174; x_wconf 75' lang='grc' dir='ltr'><strong><em>ε</em></strong></span> <span class='ocrx_word' id='word_1_265' title='bbox 1524 2121 1557 2175; x_wconf 89' lang='lat' dir='ltr'><strong>at</strong></span> <span class='ocrx_word' id='word_1_266' title='bbox 1574 2132 1629 2190; x_wconf 89' lang='lat' dir='ltr'><strong>per</strong></span> <span class='ocrx_word' id='word_1_267' title='bbox 1655 2120 1684 2175; x_wconf 89' lang='lat' dir='ltr'><strong>te</strong></span> <span class='ocrx_word' id='word_1_268' title='bbox 1711 2116 1752 2176; x_wconf 89' lang='lat' dir='ltr'><strong>ab</strong></span> <span class='ocrx_word' id='word_1_269' title='bbox 1772 2116 1867 2176; x_wconf 83' lang='lat' dir='ltr'><strong>aereis</strong></span> <span class='ocrx_word' id='word_1_270' title='bbox 1886 2117 1977 2190; x_wconf 77' lang='lat' dir='ltr'><strong>haias</strong></span> 
     </span>
     <span class='ocr_line' id='line_1_23' title="bbox 261 2202 1979 2281; baseline 0.001 -20"><span class='ocrx_word' id='word_1_271' title='bbox 261 2202 362 2279; x_wconf 89' lang='lat' dir='ltr'><strong>palas,</strong></span> <span class='ocrx_word' id='word_1_272' title='bbox 384 2204 427 2262; x_wconf 89' lang='lat' dir='ltr'><strong>ait</strong></span> <span class='ocrx_word' id='word_1_273' title='bbox 440 2220 448 2261; x_wconf 76' lang='grc' dir='ltr'><strong><em>ε</em></strong></span> <span class='ocrx_word' id='word_1_274' title='bbox 462 2204 582 2278; x_wconf 87' lang='lat' dir='ltr'><strong>optima</strong></span> <span class='ocrx_word' id='word_1_275' title='bbox 607 2206 784 2279; x_wconf 89' lang='lat' dir='ltr'><strong>propositio,</strong></span> <span class='ocrx_word' id='word_1_276' title='bbox 805 2221 899 2280; x_wconf 87' lang='lat' dir='ltr'><strong>qnam</strong></span> <span class='ocrx_word' id='word_1_277' title='bbox 913 2206 1031 2265; x_wconf 90' lang='lat' dir='ltr'><strong>locatus</strong></span> <span class='ocrx_word' id='word_1_278' title='bbox 1046 2211 1091 2266; x_wconf 87' lang='lat' dir='ltr'><strong>est</strong></span> <span class='ocrx_word' id='word_1_279' title='bbox 1145 2204 1244 2261; x_wconf 87' lang='lat' dir='ltr'><strong>maadi</strong></span> <span class='ocrx_word' id='word_1_280' title='bbox 1257 2205 1454 2277; x_wconf 88' lang='lat' dir='ltr'><strong>potestatibus</strong></span> <span class='ocrx_word' id='word_1_281' title='bbox 1461 2206 1617 2279; x_wconf 74' lang='lat' dir='ltr'><strong>insigniter</strong></span> <span class='ocrx_word' id='word_1_282' title='bbox 1626 2206 1752 2275; x_wconf 88' lang='lat' dir='ltr'><strong>liberati,</strong></span> <span class='ocrx_word' id='word_1_283' title='bbox 1763 2206 1979 2281; x_wconf 84' lang='lat' dir='ltr'><strong>triumphantes</strong></span> 
     </span>
     <span class='ocr_line' id='line_1_24' title="bbox 260 2292 1817 2369; baseline -0.001 -17"><span class='ocrx_word' id='word_1_284' title='bbox 260 2292 368 2352; x_wconf 80' lang='lat' dir='ltr'><strong>Deliaa</strong></span> <span class='ocrx_word' id='word_1_285' title='bbox 380 2294 458 2353; x_wconf 83' lang='lat' dir='ltr'><strong>Dixit</strong></span> <span class='ocrx_word' id='word_1_286' title='bbox 471 2308 544 2366; x_wconf 72' lang='lat' dir='ltr'><strong>ergo</strong></span> <span class='ocrx_word' id='word_1_287' title='bbox 562 2292 659 2353; x_wconf 84' lang='lat' dir='ltr'><strong>ileliae</strong></span> <span class='ocrx_word' id='word_1_288' title='bbox 686 2295 841 2369; x_wconf 91' lang='lat' dir='ltr'><strong>prophetis</strong></span> <span class='ocrx_word' id='word_1_289' title='bbox 861 2296 932 2353; x_wconf 85' lang='lat' dir='ltr'><strong>Daal</strong></span> <span class='ocrx_word' id='word_1_290' title='bbox 957 2310 964 2351; x_wconf 75' lang='grc' dir='ltr'>ι</span> <span class='ocrx_word' id='word_1_291' title='bbox 988 2295 1091 2368; x_wconf 78' lang='lat' dir='ltr'><strong>ulgus</strong></span> <span class='ocrx_word' id='word_1_292' title='bbox 1144 2296 1569 2367; x_wconf 87' lang='lat' dir='ltr'><strong>clavantespatamusiulima</strong></span> <span class='ocrx_word' id='word_1_293' title='bbox 1582 2294 1817 2369; x_wconf 54' lang='lat' dir='ltr'><strong>caliptum.</strong></span> 
     </span>
    </p>

    <p class='ocr_par' dir='ltr' id='par_1_7' title="bbox 258 2382 1979 2905">
     <span class='ocr_line' id='line_1_25' title="bbox 259 2382 1979 2460; baseline 0.001 -18"><span class='ocrx_word' id='word_1_294' title='bbox 259 2383 347 2442; x_wconf 86' lang='lat' dir='ltr'><strong>vobis</strong></span> <span class='ocrx_word' id='word_1_295' title='bbox 359 2383 620 2453; x_wconf 87' lang='lat' dir='ltr'><strong>bovemuuum,at</strong></span> <span class='ocrx_word' id='word_1_296' title='bbox 631 2384 719 2443; x_wconf 83' lang='lat' dir='ltr'><strong>tacite</strong></span> <span class='ocrx_word' id='word_1_297' title='bbox 731 2385 832 2459; x_wconf 91' lang='lat' dir='ltr'><strong>primi,</strong></span> <span class='ocrx_word' id='word_1_298' title='bbox 847 2385 1091 2460; x_wconf 88' lang='lat' dir='ltr'><strong>quiavosplures</strong></span> <span class='ocrx_word' id='word_1_299' title='bbox 1178 2382 1353 2453; x_wconf 76' lang='lat' dir='ltr'><strong>antiplona</strong></span> <span class='ocrx_word' id='word_1_300' title='bbox 1363 2388 1390 2440; x_wconf 78' lang='grc' dir='ltr'>ι.</span> <span class='ocrx_word' id='word_1_301' title='bbox 1409 2388 1497 2453; x_wconf 82' lang='lat' dir='ltr'><strong>Pone,</strong></span> <span class='ocrx_word' id='word_1_302' title='bbox 1513 2386 1646 2453; x_wconf 89' lang='lat' dir='ltr'><strong>Domine,</strong></span> <span class='ocrx_word' id='word_1_303' title='bbox 1663 2385 1837 2458; x_wconf 81' lang='lat' dir='ltr'><strong>lachrymas</strong></span> <span class='ocrx_word' id='word_1_304' title='bbox 1847 2400 1939 2444; x_wconf 88' lang='lat' dir='ltr'><strong>meas</strong></span> <span class='ocrx_word' id='word_1_305' title='bbox 1949 2386 1979 2443; x_wconf 91' lang='lat' dir='ltr'><strong>in</strong></span> 
     </span>
     <span class='ocr_line' id='line_1_26' title="bbox 260 2472 1977 2547; baseline 0.001 -17"><span class='ocrx_word' id='word_1_306' title='bbox 260 2472 367 2533; x_wconf 82' lang='lat' dir='ltr'><strong>aetla:</strong></span> <span class='ocrx_word' id='word_1_307' title='bbox 407 2476 438 2531; x_wconf 90' lang='lat' dir='ltr'><strong>et</strong></span> <span class='ocrx_word' id='word_1_308' title='bbox 463 2473 600 2531; x_wconf 82' lang='lat' dir='ltr'><strong>invocate</strong></span> <span class='ocrx_word' id='word_1_309' title='bbox 646 2473 771 2532; x_wconf 90' lang='lat' dir='ltr'><strong>nomina</strong></span> <span class='ocrx_word' id='word_1_310' title='bbox 797 2474 925 2532; x_wconf 83' lang='lat' dir='ltr'><strong>deorum</strong></span> <span class='ocrx_word' id='word_1_311' title='bbox 948 2479 1088 2547; x_wconf 83' lang='lat' dir='ltr'><strong>restrum,</strong></span> <span class='ocrx_word' id='word_1_312' title='bbox 1144 2477 1304 2545; x_wconf 85' lang='lat' dir='ltr'><strong>conspectu</strong></span> <span class='ocrx_word' id='word_1_313' title='bbox 1319 2478 1386 2547; x_wconf 89' lang='lat' dir='ltr'><strong>luo;</strong></span> <span class='ocrx_word' id='word_1_314' title='bbox 1399 2478 1610 2533; x_wconf 89' lang='lat' dir='ltr'><strong>convertantur</strong></span> <span class='ocrx_word' id='word_1_315' title='bbox 1621 2474 1735 2533; x_wconf 89' lang='lat' dir='ltr'><strong>inimici</strong></span> <span class='ocrx_word' id='word_1_316' title='bbox 1744 2473 1804 2532; x_wconf 86' lang='lat' dir='ltr'><strong>mei</strong></span> <span class='ocrx_word' id='word_1_317' title='bbox 1816 2480 1977 2541; x_wconf 86' lang='lat' dir='ltr'><strong>retorsum,</strong></span> 
     </span>
     <span class='ocr_line' id='line_1_27' title="bbox 259 2560 1979 2637; baseline 0.001 -18"><span class='ocrx_word' id='word_1_318' title='bbox 259 2560 1090 2636; x_wconf 65' lang='lat' dir='ltr'><strong>ignemqaeaonsnppoaalisDuicumtalisseatbovem</strong></span> <span class='ocrx_word' id='word_1_319' title='bbox 1143 2565 1173 2618; x_wconf 90' lang='lat' dir='ltr'><strong>et</strong></span> <span class='ocrx_word' id='word_1_320' title='bbox 1194 2576 1376 2634; x_wconf 78' lang='lat' dir='ltr'><strong>cognoscam</strong></span> <span class='ocrx_word' id='word_1_321' title='bbox 1405 2580 1471 2637; x_wconf 77' lang='lat' dir='ltr'><strong>ego,</strong></span> <span class='ocrx_word' id='word_1_322' title='bbox 1500 2564 1574 2635; x_wconf 76' lang='lat' dir='ltr'><strong>auia</strong></span> <span class='ocrx_word' id='word_1_323' title='bbox 1600 2568 1631 2621; x_wconf 91' lang='lat' dir='ltr'><strong>lu</strong></span> <span class='ocrx_word' id='word_1_324' title='bbox 1653 2565 1777 2622; x_wconf 86' lang='lat' dir='ltr'><strong>osDaua</strong></span> <span class='ocrx_word' id='word_1_325' title='bbox 1790 2580 1884 2621; x_wconf 86' lang='lat' dir='ltr'><strong>meus.</strong></span> <span class='ocrx_word' id='word_1_326' title='bbox 1900 2564 1932 2625; x_wconf 76' lang='grc' dir='ltr'>ι.</span> <span class='ocrx_word' id='word_1_327' title='bbox 1947 2566 1979 2622; x_wconf 92' lang='lat' dir='ltr'><strong>ln</strong></span> 
     </span>
     <span class='ocr_line' id='line_1_28' title="bbox 259 2650 1975 2725; baseline 0.002 -17"><span class='ocrx_word' id='word_1_328' title='bbox 259 2664 352 2725; x_wconf 67' lang='grc' dir='ltr'>(ῑιιιιιιι</span> <span class='ocrx_word' id='word_1_329' title='bbox 369 2651 493 2711; x_wconf 88' lang='lat' dir='ltr'><strong>dederat</strong></span> <span class='ocrx_word' id='word_1_330' title='bbox 508 2650 563 2725; x_wconf 88' lang='lat' dir='ltr'><strong>eis,</strong></span> <span class='ocrx_word' id='word_1_331' title='bbox 576 2650 710 2710; x_wconf 85' lang='lat' dir='ltr'><strong>lecerunt</strong></span> <span class='ocrx_word' id='word_1_332' title='bbox 722 2668 730 2708; x_wconf 80' lang='lat' dir='ltr'><strong>t</strong></span> <span class='ocrx_word' id='word_1_333' title='bbox 743 2656 773 2710; x_wconf 90' lang='lat' dir='ltr'><strong>at</strong></span> <span class='ocrx_word' id='word_1_334' title='bbox 786 2653 968 2711; x_wconf 87' lang='lat' dir='ltr'><strong>invocabant</strong></span> <span class='ocrx_word' id='word_1_335' title='bbox 977 2668 1089 2711; x_wconf 92' lang='lat' dir='ltr'><strong>nomen</strong></span> <span class='ocrx_word' id='word_1_336' title='bbox 1143 2664 1336 2725; x_wconf 77' lang='lat' dir='ltr'><strong>quacumque</strong></span> <span class='ocrx_word' id='word_1_337' title='bbox 1345 2652 1394 2710; x_wconf 89' lang='lat' dir='ltr'><strong>die</strong></span> <span class='ocrx_word' id='word_1_338' title='bbox 1404 2653 1582 2713; x_wconf 77' lang='lat' dir='ltr'><strong>invocavero</strong></span> <span class='ocrx_word' id='word_1_339' title='bbox 1591 2656 1632 2719; x_wconf 88' lang='lat' dir='ltr'><strong>te,</strong></span> <span class='ocrx_word' id='word_1_340' title='bbox 1641 2652 1898 2711; x_wconf 87' lang='lat' dir='ltr'><strong>velociterexaudi</strong></span> <span class='ocrx_word' id='word_1_341' title='bbox 1912 2668 1975 2712; x_wconf 90' lang='lat' dir='ltr'><strong>me.</strong></span> 
     </span>
     <span class='ocr_line' id='line_1_29' title="bbox 259 2739 1977 2817; baseline 0 -18"><span class='ocrx_word' id='word_1_342' title='bbox 259 2740 377 2799; x_wconf 85' lang='lat' dir='ltr'><strong>Baalde</strong></span> <span class='ocrx_word' id='word_1_343' title='bbox 389 2756 474 2799; x_wconf 89' lang='lat' dir='ltr'><strong>mane</strong></span> <span class='ocrx_word' id='word_1_344' title='bbox 489 2756 587 2817; x_wconf 86' lang='lat' dir='ltr'><strong>usque</strong></span> <span class='ocrx_word' id='word_1_345' title='bbox 602 2741 642 2799; x_wconf 89' lang='lat' dir='ltr'><strong>ad</strong></span> <span class='ocrx_word' id='word_1_346' title='bbox 654 2741 823 2813; x_wconf 86' lang='lat' dir='ltr'><strong>meridiem,</strong></span> <span class='ocrx_word' id='word_1_347' title='bbox 842 2742 975 2800; x_wconf 70' lang='lat' dir='ltr'><strong>Diceatm</strong></span> <span class='ocrx_word' id='word_1_348' title='bbox 989 2762 995 2803; x_wconf 94' lang='lat'>:</span> <span class='ocrx_word' id='word_1_349' title='bbox 1008 2743 1087 2813; x_wconf 86' lang='lat' dir='ltr'><strong>Baal,</strong></span> <span class='ocrx_word' id='word_1_350' title='bbox 1118 2802 1125 2815; x_wconf 67' lang='lat'>‚</span> <span class='ocrx_word' id='word_1_351' title='bbox 1143 2739 1340 2814; x_wconf 79' lang='lat' dir='ltr'><strong>ltultiplicesti</strong></span> <span class='ocrx_word' id='word_1_352' title='bbox 1352 2742 1484 2800; x_wconf 89' lang='lat' dir='ltr'><strong>salmam</strong></span> <span class='ocrx_word' id='word_1_353' title='bbox 1498 2742 1769 2801; x_wconf 83' lang='lat' dir='ltr'><strong>meaminvirtuter</strong></span> <span class='ocrx_word' id='word_1_354' title='bbox 1784 2756 1849 2800; x_wconf 90' lang='lat' dir='ltr'><strong>ecoe</strong></span> <span class='ocrx_word' id='word_1_355' title='bbox 1860 2756 1977 2816; x_wconf 80' lang='lat' dir='ltr'><strong>cogno-</strong></span> 
     </span>
     <span class='ocr_line' id='line_1_30' title="bbox 258 2828 1637 2905; baseline 0 -18"><span class='ocrx_word' id='word_1_356' title='bbox 258 2829 369 2888; x_wconf 83' lang='lat' dir='ltr'><strong>saaadi</strong></span> <span class='ocrx_word' id='word_1_357' title='bbox 382 2844 448 2887; x_wconf 90' lang='lat' dir='ltr'><strong>nos.</strong></span> <span class='ocrx_word' id='word_1_358' title='bbox 460 2832 494 2887; x_wconf 85' lang='lat' dir='ltr'><strong>at</strong></span> <span class='ocrx_word' id='word_1_359' title='bbox 505 2845 568 2888; x_wconf 93' lang='lat' dir='ltr'><strong>noa</strong></span> <span class='ocrx_word' id='word_1_360' title='bbox 579 2835 643 2889; x_wconf 89' lang='lat' dir='ltr'><strong>erat</strong></span> <span class='ocrx_word' id='word_1_361' title='bbox 652 2846 722 2899; x_wconf 88' lang='lat' dir='ltr'><strong>vox,</strong></span> <span class='ocrx_word' id='word_1_362' title='bbox 738 2846 795 2889; x_wconf 86' lang='lat' dir='ltr'><strong>aas</strong></span> <span class='ocrx_word' id='word_1_363' title='bbox 806 2831 859 2904; x_wconf 90' lang='lat' dir='ltr'><strong>qui</strong></span> <span class='ocrx_word' id='word_1_364' title='bbox 871 2832 1088 2905; x_wconf 74' lang='lat' dir='ltr'><strong>respondetote</strong></span> <span class='ocrx_word' id='word_1_365' title='bbox 1141 2828 1182 2896; x_wconf 88' lang='lat' dir='ltr'><strong>vi,</strong></span> <span class='ocrx_word' id='word_1_366' title='bbox 1199 2830 1340 2903; x_wconf 88' lang='lat' dir='ltr'><strong>quoniam</strong></span> <span class='ocrx_word' id='word_1_367' title='bbox 1355 2832 1433 2890; x_wconf 89' lang='lat' dir='ltr'><strong>Deus</strong></span> <span class='ocrx_word' id='word_1_368' title='bbox 1447 2848 1533 2890; x_wconf 87' lang='lat' dir='ltr'><strong>meus</strong></span> <span class='ocrx_word' id='word_1_369' title='bbox 1548 2848 1580 2890; x_wconf 91' lang='lat' dir='ltr'><strong>es</strong></span> <span class='ocrx_word' id='word_1_370' title='bbox 1594 2837 1637 2890; x_wconf 88' lang='lat' dir='ltr'><strong>tu.</strong></span> 
     </span>
    </p>

    <p class='ocr_par' dir='ltr' id='par_1_8' title="bbox 255 2917 2045 3535">
     <span class='ocr_line' id='line_1_31' title="bbox 257 2917 2045 2995; baseline 0.001 -19"><span class='ocrx_word' id='word_1_371' title='bbox 257 2917 523 2992; x_wconf 86' lang='lat' dir='ltr'><strong>transiliebantque</strong></span> <span class='ocrx_word' id='word_1_372' title='bbox 535 2918 637 2989; x_wconf 70' lang='lat' dir='ltr'><strong>altare</strong></span> <span class='ocrx_word' id='word_1_373' title='bbox 648 2920 733 2991; x_wconf 88' lang='lat' dir='ltr'><strong>quod</strong></span> <span class='ocrx_word' id='word_1_374' title='bbox 744 2920 876 2979; x_wconf 85' lang='lat' dir='ltr'><strong>lecerunt.</strong></span> <span class='ocrx_word' id='word_1_375' title='bbox 887 2924 1089 2995; x_wconf 86' lang='lat' dir='ltr'><strong>Cumqueessot</strong></span> <span class='ocrx_word' id='word_1_376' title='bbox 1180 2918 1976 2995; x_wconf 76' lang='lat' dir='ltr'><strong>Oratio.l&gt;oaeDomineiaconspectatuocoatraeos,</strong></span> <span class='ocrx_word' id='word_1_377' title='bbox 2044 2918 2045 2921; x_wconf 74' lang='grc'>’</span> 
     </span>
     <span class='ocr_line' id='line_1_32' title="bbox 255 3004 1977 3109; baseline 0.002 -47"><span class='ocrx_word' id='word_1_378' title='bbox 255 3004 321 3076; x_wconf 79' lang='lat' dir='ltr'><strong>lam</strong></span> <span class='ocrx_word' id='word_1_379' title='bbox 332 3005 481 3071; x_wconf 80' lang='lat' dir='ltr'><strong>meridies,</strong></span> <span class='ocrx_word' id='word_1_380' title='bbox 492 3004 636 3064; x_wconf 88' lang='lat' dir='ltr'><strong>illudebat</strong></span> <span class='ocrx_word' id='word_1_381' title='bbox 643 3006 699 3063; x_wconf 89' lang='lat' dir='ltr'><strong>illis</strong></span> <span class='ocrx_word' id='word_1_382' title='bbox 708 3008 815 3065; x_wconf 81' lang='lat' dir='ltr'><strong>Dehas:</strong></span> <span class='ocrx_word' id='word_1_383' title='bbox 826 3007 945 3071; x_wconf 88' lang='lat' dir='ltr'><strong>dicens:</strong></span> <span class='ocrx_word' id='word_1_384' title='bbox 959 3010 1089 3068; x_wconf 77' lang='lat' dir='ltr'><strong>Clamare</strong></span> <span class='ocrx_word' id='word_1_385' title='bbox 1107 3036 1130 3109; x_wconf 60' lang='lat' dir='ltr'>G</span> <span class='ocrx_word' id='word_1_386' title='bbox 1143 3006 1399 3080; x_wconf 80' lang='lat' dir='ltr'><strong>quinosodsrunt,</strong></span> <span class='ocrx_word' id='word_1_387' title='bbox 1411 3017 1578 3069; x_wconf 89' lang='lat' dir='ltr'><strong>nostrarum</strong></span> <span class='ocrx_word' id='word_1_388' title='bbox 1590 3010 1691 3068; x_wconf 89' lang='lat' dir='ltr'><strong>obices</strong></span> <span class='ocrx_word' id='word_1_389' title='bbox 1704 3010 1925 3084; x_wconf 84' lang='lat' dir='ltr'><strong>lachrymarum</strong></span> <span class='ocrx_word' id='word_1_390' title='bbox 1934 3012 1977 3066; x_wconf 91' lang='lat' dir='ltr'><strong>:ul</strong></span> 
     </span>
     <span class='ocr_line' id='line_1_33' title="bbox 255 3093 2044 3174; baseline 0.004 -24"><span class='ocrx_word' id='word_1_391' title='bbox 255 3108 330 3151; x_wconf 89' lang='lat' dir='ltr'><strong>voce</strong></span> <span class='ocrx_word' id='word_1_392' title='bbox 341 3093 456 3166; x_wconf 75' lang='lat' dir='ltr'><strong>maiore</strong></span> <span class='ocrx_word' id='word_1_393' title='bbox 480 3109 490 3150; x_wconf 82' lang='lat' dir='ltr'><strong>t</strong></span> <span class='ocrx_word' id='word_1_394' title='bbox 511 3097 589 3152; x_wconf 88' lang='lat' dir='ltr'><strong>Deus</strong></span> <span class='ocrx_word' id='word_1_395' title='bbox 609 3097 690 3154; x_wconf 93' lang='lat' dir='ltr'><strong>enim</strong></span> <span class='ocrx_word' id='word_1_396' title='bbox 702 3101 755 3165; x_wconf 88' lang='lat' dir='ltr'><strong>est,</strong></span> <span class='ocrx_word' id='word_1_397' title='bbox 767 3103 796 3154; x_wconf 91' lang='lat' dir='ltr'><strong>et</strong></span> <span class='ocrx_word' id='word_1_398' title='bbox 807 3098 932 3156; x_wconf 81' lang='lat' dir='ltr'><strong>forsitan</strong></span> <span class='ocrx_word' id='word_1_399' title='bbox 943 3099 1090 3174; x_wconf 86' lang='lat' dir='ltr'><strong>loquitur,</strong></span> <span class='ocrx_word' id='word_1_400' title='bbox 1140 3099 1205 3172; x_wconf 82' lang='lat' dir='ltr'><strong>J&#39;am</strong></span> <span class='ocrx_word' id='word_1_401' title='bbox 1221 3099 1342 3158; x_wconf 89' lang='lat' dir='ltr'><strong>tandem</strong></span> <span class='ocrx_word' id='word_1_402' title='bbox 1356 3100 1570 3160; x_wconf 87' lang='lat' dir='ltr'><strong>inimicinostri</strong></span> <span class='ocrx_word' id='word_1_403' title='bbox 1582 3105 1976 3166; x_wconf 76' lang='lat' dir='ltr'><strong>convertanturretrorsum</strong></span> <span class='ocrx_word' id='word_1_404' title='bbox 2043 3157 2044 3166; x_wconf 68' lang='grc'>,</span> 
     </span>
     <span class='ocr_line' id='line_1_34' title="bbox 258 3183 2044 3265; baseline 0.002 -25"><span class='ocrx_word' id='word_1_405' title='bbox 258 3186 312 3241; x_wconf 89' lang='lat' dir='ltr'><strong>aut</strong></span> <span class='ocrx_word' id='word_1_406' title='bbox 333 3183 363 3240; x_wconf 92' lang='lat' dir='ltr'><strong>la</strong></span> <span class='ocrx_word' id='word_1_407' title='bbox 376 3183 543 3241; x_wconf 85' lang='lat' dir='ltr'><strong>diversorio</strong></span> <span class='ocrx_word' id='word_1_408' title='bbox 557 3188 613 3252; x_wconf 91' lang='lat' dir='ltr'><strong>est,</strong></span> <span class='ocrx_word' id='word_1_409' title='bbox 629 3191 681 3242; x_wconf 88' lang='lat' dir='ltr'><strong>aut</strong></span> <span class='ocrx_word' id='word_1_410' title='bbox 694 3186 723 3244; x_wconf 90' lang='lat' dir='ltr'><strong>ia</strong></span> <span class='ocrx_word' id='word_1_411' title='bbox 738 3186 848 3253; x_wconf 86' lang='lat' dir='ltr'><strong>itinere,</strong></span> <span class='ocrx_word' id='word_1_412' title='bbox 863 3192 916 3245; x_wconf 93' lang='lat' dir='ltr'><strong>aut</strong></span> <span class='ocrx_word' id='word_1_413' title='bbox 933 3189 1089 3248; x_wconf 89' lang='lat' dir='ltr'><strong>certedor·</strong></span> <span class='ocrx_word' id='word_1_414' title='bbox 1142 3189 1257 3262; x_wconf 89' lang='lat' dir='ltr'><strong>quinos</strong></span> <span class='ocrx_word' id='word_1_415' title='bbox 1264 3189 1372 3248; x_wconf 90' lang='lat' dir='ltr'><strong>insano</strong></span> <span class='ocrx_word' id='word_1_416' title='bbox 1381 3191 1975 3265; x_wconf 72' lang='lat' dir='ltr'><strong>odiopersequaalurrsicquerogamus,</strong></span> <span class='ocrx_word' id='word_1_417' title='bbox 2043 3189 2044 3196; x_wconf 77' lang='grc'>’</span> 
     </span>
     <span class='ocr_line' id='line_1_35' title="bbox 256 3272 1979 3352; baseline 0.002 -21"><span class='ocrx_word' id='word_1_418' title='bbox 256 3272 321 3344; x_wconf 89' lang='lat' dir='ltr'><strong>mit,</strong></span> <span class='ocrx_word' id='word_1_419' title='bbox 335 3275 369 3330; x_wconf 91' lang='lat' dir='ltr'><strong>ut</strong></span> <span class='ocrx_word' id='word_1_420' title='bbox 381 3272 532 3331; x_wconf 82' lang='lat' dir='ltr'><strong>excitetur.</strong></span> <span class='ocrx_word' id='word_1_421' title='bbox 548 3273 734 3344; x_wconf 80' lang='lat' dir='ltr'><strong>Clamabunt,</strong></span> <span class='ocrx_word' id='word_1_422' title='bbox 750 3291 821 3348; x_wconf 80' lang='lat' dir='ltr'><strong>ergo</strong></span> <span class='ocrx_word' id='word_1_423' title='bbox 833 3291 908 3334; x_wconf 87' lang='lat' dir='ltr'><strong>voce</strong></span> <span class='ocrx_word' id='word_1_424' title='bbox 922 3293 1044 3351; x_wconf 79' lang='lat' dir='ltr'><strong>magna,</strong></span> <span class='ocrx_word' id='word_1_425' title='bbox 1061 3283 1089 3337; x_wconf 89' lang='lat' dir='ltr'><strong>ct</strong></span> <span class='ocrx_word' id='word_1_426' title='bbox 1141 3278 1236 3336; x_wconf 86' lang='lat' dir='ltr'><strong>nostri</strong></span> <span class='ocrx_word' id='word_1_427' title='bbox 1250 3278 1384 3336; x_wconf 88' lang='lat' dir='ltr'><strong>criminis</strong></span> <span class='ocrx_word' id='word_1_428' title='bbox 1396 3280 1535 3336; x_wconf 88' lang='lat' dir='ltr'><strong>incendia</strong></span> <span class='ocrx_word' id='word_1_429' title='bbox 1548 3280 1668 3338; x_wconf 87' lang='lat' dir='ltr'><strong>ubertas</strong></span> <span class='ocrx_word' id='word_1_430' title='bbox 1681 3279 1911 3352; x_wconf 71' lang='lat' dir='ltr'><strong>lachrymarum</strong></span> <span class='ocrx_word' id='word_1_431' title='bbox 1932 3291 1979 3334; x_wconf 83' lang='lat' dir='ltr'><strong>ex·</strong></span> 
     </span>
     <span class='ocr_line' id='line_1_36' title="bbox 255 3360 2043 3450; baseline 0 -30"><span class='ocrx_word' id='word_1_432' title='bbox 255 3360 427 3420; x_wconf 88' lang='lat' dir='ltr'><strong>incidebant</strong></span> <span class='ocrx_word' id='word_1_433' title='bbox 437 3377 468 3419; x_wconf 90' lang='lat' dir='ltr'><strong>ae</strong></span> <span class='ocrx_word' id='word_1_434' title='bbox 479 3362 569 3438; x_wconf 86' lang='lat' dir='ltr'><strong>juxta</strong></span> <span class='ocrx_word' id='word_1_435' title='bbox 578 3363 668 3420; x_wconf 89' lang='lat' dir='ltr'><strong>ritum</strong></span> <span class='ocrx_word' id='word_1_436' title='bbox 688 3381 777 3421; x_wconf 91' lang='lat' dir='ltr'><strong>suum</strong></span> <span class='ocrx_word' id='word_1_437' title='bbox 788 3365 889 3422; x_wconf 90' lang='lat' dir='ltr'><strong>cultris</strong></span> <span class='ocrx_word' id='word_1_438' title='bbox 903 3372 933 3425; x_wconf 90' lang='lat' dir='ltr'><strong>et</strong></span> <span class='ocrx_word' id='word_1_439' title='bbox 944 3366 1088 3426; x_wconf 85' lang='lat' dir='ltr'><strong>lanceolis</strong></span> <span class='ocrx_word' id='word_1_440' title='bbox 1142 3367 1260 3439; x_wconf 77' lang='lat' dir='ltr'><strong>tinguat</strong></span> <span class='ocrx_word' id='word_1_441' title='bbox 1274 3373 1305 3426; x_wconf 89' lang='lat' dir='ltr'><strong>ut</strong></span> <span class='ocrx_word' id='word_1_442' title='bbox 1321 3370 1470 3442; x_wconf 87' lang='lat' dir='ltr'><strong>passionis</strong></span> <span class='ocrx_word' id='word_1_443' title='bbox 1478 3374 1535 3426; x_wconf 80' lang='lat' dir='ltr'><strong>ture</strong></span> <span class='ocrx_word' id='word_1_444' title='bbox 1546 3369 1698 3428; x_wconf 88' lang='lat' dir='ltr'><strong>celebritas</strong></span> <span class='ocrx_word' id='word_1_445' title='bbox 1712 3384 1766 3442; x_wconf 86' lang='lat' dir='ltr'><strong>per</strong></span> <span class='ocrx_word' id='word_1_446' title='bbox 1779 3373 1900 3426; x_wconf 89' lang='lat' dir='ltr'><strong>arctam</strong></span> <span class='ocrx_word' id='word_1_447' title='bbox 1914 3379 1981 3440; x_wconf 74' lang='lat' dir='ltr'><strong>gra.</strong></span> <span class='ocrx_word' id='word_1_448' title='bbox 2042 3417 2043 3450; x_wconf 72' lang='lat'><strong>,</strong></span> 
     </span>
     <span class='ocr_line' id='line_1_37' title="bbox 255 3451 1976 3535; baseline 0 -25"><span class='ocrx_word' id='word_1_449' title='bbox 255 3451 353 3510; x_wconf 90' lang='lat' dir='ltr'><strong>donec</strong></span> <span class='ocrx_word' id='word_1_450' title='bbox 367 3451 617 3525; x_wconf 83' lang='lat' dir='ltr'><strong>perfunderentur</strong></span> <span class='ocrx_word' id='word_1_451' title='bbox 633 3454 789 3525; x_wconf 74' lang='lat' dir='ltr'><strong>sanguine.</strong></span> <span class='ocrx_word' id='word_1_452' title='bbox 805 3454 968 3530; x_wconf 85' lang='lat' dir='ltr'><strong>Postquam</strong></span> <span class='ocrx_word' id='word_1_453' title='bbox 991 3463 1088 3516; x_wconf 89' lang='lat' dir='ltr'><strong>autem</strong></span> <span class='ocrx_word' id='word_1_454' title='bbox 1141 3457 1257 3516; x_wconf 89' lang='lat' dir='ltr'><strong>dientes</strong></span> <span class='ocrx_word' id='word_1_455' title='bbox 1269 3458 1351 3517; x_wconf 85' lang='lat' dir='ltr'><strong>viam</strong></span> <span class='ocrx_word' id='word_1_456' title='bbox 1370 3460 1409 3517; x_wconf 90' lang='lat' dir='ltr'><strong>ad</strong></span> <span class='ocrx_word' id='word_1_457' title='bbox 1424 3459 1536 3533; x_wconf 76' lang='lat' dir='ltr'><strong>gaudia</strong></span> <span class='ocrx_word' id='word_1_458' title='bbox 1549 3472 1605 3518; x_wconf 87' lang='lat' dir='ltr'><strong>nos</strong></span> <span class='ocrx_word' id='word_1_459' title='bbox 1624 3460 1776 3535; x_wconf 86' lang='lat' dir='ltr'><strong>pertrahat</strong></span> <span class='ocrx_word' id='word_1_460' title='bbox 1790 3459 1925 3516; x_wconf 86' lang='lat' dir='ltr'><strong>induite.</strong></span> <span class='ocrx_word' id='word_1_461' title='bbox 1945 3467 1976 3526; x_wconf 72' lang='lat' dir='ltr'><strong>a.</strong></span> 
     </span>
    </p>

    <p class='ocr_par' dir='ltr' id='par_1_9' title="bbox 187 3539 1245 3616">
     <span class='ocr_line' id='line_1_38' title="bbox 187 3539 1245 3616; baseline 0.007 -19"><span class='ocrx_word' id='word_1_462' title='bbox 187 3567 193 3578; x_wconf 93' lang='lat'><strong>·</strong></span> <span class='ocrx_word' id='word_1_463' title='bbox 256 3539 372 3598; x_wconf 88' lang='lat' dir='ltr'><strong>translit</strong></span> <span class='ocrx_word' id='word_1_464' title='bbox 393 3539 543 3614; x_wconf 81' lang='lat' dir='ltr'><strong>meridies,</strong></span> <span class='ocrx_word' id='word_1_465' title='bbox 568 3540 667 3599; x_wconf 84' lang='lat' dir='ltr'><strong>stillis</strong></span> <span class='ocrx_word' id='word_1_466' title='bbox 697 3543 944 3616; x_wconf 87' lang='lat' dir='ltr'><strong>prophetantibus</strong></span> <span class='ocrx_word' id='word_1_467' title='bbox 965 3551 1089 3606; x_wconf 87' lang='lat' dir='ltr'><strong>venerat</strong></span> <span class='ocrx_word' id='word_1_468' title='bbox 1140 3549 1245 3606; x_wconf 88' lang='lat' dir='ltr'><strong>Amen.</strong></span> 
     </span>
    </p>

    <p class='ocr_par' dir='ltr' id='par_1_10' title="bbox 254 3629 2042 3890">
     <span class='ocr_line' id='line_1_39' title="bbox 254 3629 2042 3712; baseline 0.003 -26"><span class='ocrx_word' id='word_1_469' title='bbox 254 3631 459 3702; x_wconf 65' lang='lat' dir='ltr'><strong>tempusque</strong></span> <span class='ocrx_word' id='word_1_470' title='bbox 471 3630 652 3687; x_wconf 71' lang='lat' dir='ltr'><strong>mendcium</strong></span> <span class='ocrx_word' id='word_1_471' title='bbox 667 3629 766 3689; x_wconf 86' lang='lat' dir='ltr'><strong>ollerri</strong></span> <span class='ocrx_word' id='word_1_472' title='bbox 780 3631 864 3701; x_wconf 87' lang='lat' dir='ltr'><strong>solet,</strong></span> <span class='ocrx_word' id='word_1_473' title='bbox 877 3649 933 3692; x_wconf 89' lang='lat' dir='ltr'><strong>uec</strong></span> <span class='ocrx_word' id='word_1_474' title='bbox 945 3635 1088 3694; x_wconf 88' lang='lat' dir='ltr'><strong>audieba·</strong></span> <span class='ocrx_word' id='word_1_475' title='bbox 1174 3636 1352 3707; x_wconf 76' lang='lat' dir='ltr'><strong>antiplona</strong></span> <span class='ocrx_word' id='word_1_476' title='bbox 1366 3641 1424 3695; x_wconf 69' lang='lat' dir='ltr'><strong>hh</strong></span> <span class='ocrx_word' id='word_1_477' title='bbox 1438 3638 1545 3712; x_wconf 87' lang='lat' dir='ltr'><strong>laqueo</strong></span> <span class='ocrx_word' id='word_1_478' title='bbox 1558 3636 1669 3710; x_wconf 80' lang='lat' dir='ltr'><strong>linguae</strong></span> <span class='ocrx_word' id='word_1_479' title='bbox 1681 3638 1792 3712; x_wconf 82' lang='lat' dir='ltr'><strong>inique</strong></span> <span class='ocrx_word' id='word_1_480' title='bbox 1806 3635 1908 3693; x_wconf 87' lang='lat' dir='ltr'><strong>libera</strong></span> <span class='ocrx_word' id='word_1_481' title='bbox 1920 3649 1978 3692; x_wconf 88' lang='lat' dir='ltr'><strong>me.</strong></span> <span class='ocrx_word' id='word_1_482' title='bbox 2041 3697 2042 3700; x_wconf 8' lang='grc' dir='ltr'><strong>Ἴ</strong></span> 
     </span>
     <span class='ocr_line' id='line_1_40' title="bbox 254 3716 2042 3802; baseline 0.004 -29"><span class='ocrx_word' id='word_1_483' title='bbox 254 3719 304 3773; x_wconf 89' lang='lat' dir='ltr'><strong>tar</strong></span> <span class='ocrx_word' id='word_1_484' title='bbox 316 3726 384 3785; x_wconf 81' lang='lat' dir='ltr'><strong>vox,</strong></span> <span class='ocrx_word' id='word_1_485' title='bbox 398 3731 454 3774; x_wconf 90' lang='lat' dir='ltr'><strong>neo</strong></span> <span class='ocrx_word' id='word_1_486' title='bbox 469 3716 578 3792; x_wconf 88' lang='lat' dir='ltr'><strong>aliquia</strong></span> <span class='ocrx_word' id='word_1_487' title='bbox 597 3719 810 3794; x_wconf 87' lang='lat' dir='ltr'><strong>respondebat,</strong></span> <span class='ocrx_word' id='word_1_488' title='bbox 839 3739 896 3782; x_wconf 90' lang='lat' dir='ltr'><strong>nec</strong></span> <span class='ocrx_word' id='word_1_489' title='bbox 914 3725 1088 3784; x_wconf 87' lang='lat' dir='ltr'><strong>attendebat</strong></span> <span class='ocrx_word' id='word_1_490' title='bbox 1139 3725 1270 3792; x_wconf 87' lang='lat' dir='ltr'><strong>Domine,</strong></span> <span class='ocrx_word' id='word_1_491' title='bbox 1280 3732 1308 3784; x_wconf 90' lang='lat' dir='ltr'><strong>et</strong></span> <span class='ocrx_word' id='word_1_492' title='bbox 1330 3725 1442 3785; x_wconf 91' lang='lat' dir='ltr'><strong>alabiis</strong></span> <span class='ocrx_word' id='word_1_493' title='bbox 1454 3726 1855 3802; x_wconf 87' lang='lat' dir='ltr'><strong>operantibusmendacium.</strong></span> <span class='ocrx_word' id='word_1_494' title='bbox 1868 3725 1973 3783; x_wconf 82' lang='lat' dir='ltr'><strong>Libera</strong></span> <span class='ocrx_word' id='word_1_495' title='bbox 2041 3737 2042 3750; x_wconf 61' lang='lat'>¹</span> 
     </span>
     <span class='ocr_line' id='line_1_41' title="bbox 255 3803 1976 3890; baseline 0.005 -28"><span class='ocrx_word' id='word_1_496' title='bbox 255 3807 394 3863; x_wconf 77' lang='lat' dir='ltr'><strong>orantm:</strong></span> <span class='ocrx_word' id='word_1_497' title='bbox 410 3803 483 3862; x_wconf 82' lang='lat' dir='ltr'><strong>dixit</strong></span> <span class='ocrx_word' id='word_1_498' title='bbox 491 3806 587 3864; x_wconf 87' lang='lat' dir='ltr'><strong>lielias</strong></span> <span class='ocrx_word' id='word_1_499' title='bbox 600 3810 682 3865; x_wconf 90' lang='lat' dir='ltr'><strong>omni</strong></span> <span class='ocrx_word' id='word_1_500' title='bbox 693 3810 808 3883; x_wconf 89' lang='lat' dir='ltr'><strong>populo</strong></span> <span class='ocrx_word' id='word_1_501' title='bbox 823 3829 830 3867; x_wconf 76' lang='grc' dir='ltr'><strong>ε</strong></span> <span class='ocrx_word' id='word_1_502' title='bbox 845 3812 946 3869; x_wconf 82' lang='lat' dir='ltr'><strong>Venite</strong></span> <span class='ocrx_word' id='word_1_503' title='bbox 964 3813 1004 3870; x_wconf 87' lang='lat' dir='ltr'><strong>ad</strong></span> <span class='ocrx_word' id='word_1_504' title='bbox 1025 3829 1083 3872; x_wconf 92' lang='lat' dir='ltr'><strong>me.</strong></span> <span class='ocrx_word' id='word_1_505' title='bbox 1139 3815 1729 3890; x_wconf 78' lang='lat' dir='ltr'><strong>mearugieatihue,paratisadescam,et</strong></span> <span class='ocrx_word' id='word_1_506' title='bbox 1740 3815 1778 3872; x_wconf 89' lang='lat' dir='ltr'><strong>de</strong></span> <span class='ocrx_word' id='word_1_507' title='bbox 1789 3827 1886 3873; x_wconf 91' lang='lat' dir='ltr'><strong>manu</strong></span> <span class='ocrx_word' id='word_1_508' title='bbox 1898 3827 1976 3889; x_wconf 78' lang='lat' dir='ltr'><strong>que·</strong></span> 
     </span>
    </p>

    <p class='ocr_par' dir='ltr' id='par_1_11' title="bbox 253 3893 2041 4065">
     <span class='ocr_line' id='line_1_42' title="bbox 254 3893 2041 3970; baseline 0.004 -19"><span class='ocrx_word' id='word_1_509' title='bbox 254 3894 289 3951; x_wconf 84' lang='grc' dir='ltr'><strong>ιιι</strong></span> <span class='ocrx_word' id='word_1_510' title='bbox 299 3894 458 3952; x_wconf 86' lang='lat' dir='ltr'><strong>accedente</strong></span> <span class='ocrx_word' id='word_1_511' title='bbox 472 3893 555 3951; x_wconf 86' lang='lat' dir='ltr'><strong>adse</strong></span> <span class='ocrx_word' id='word_1_512' title='bbox 570 3897 692 3969; x_wconf 90' lang='lat' dir='ltr'><strong>populo,</strong></span> <span class='ocrx_word' id='word_1_513' title='bbox 719 3900 834 3957; x_wconf 87' lang='lat' dir='ltr'><strong>curavit</strong></span> <span class='ocrx_word' id='word_1_514' title='bbox 850 3901 943 3959; x_wconf 87' lang='lat' dir='ltr'><strong>altare</strong></span> <span class='ocrx_word' id='word_1_515' title='bbox 956 3901 1085 3970; x_wconf 88' lang='lat' dir='ltr'><strong>Domini,</strong></span> <span class='ocrx_word' id='word_1_516' title='bbox 1138 3903 1871 3968; x_wconf 67' lang='lat' dir='ltr'><strong>rentiumanimammeam.t.hdDominumcam</strong></span> <span class='ocrx_word' id='word_1_517' title='bbox 1884 3901 1976 3961; x_wconf 90' lang='lat' dir='ltr'><strong>tribu-</strong></span> <span class='ocrx_word' id='word_1_518' title='bbox 2040 3953 2041 3958; x_wconf 73' lang='grc'>,</span> 
     </span>
     <span class='ocr_line' id='line_1_43' title="bbox 253 3979 1758 4065; baseline 0.006 -26"><span class='ocrx_word' id='word_1_519' title='bbox 253 3981 338 4058; x_wconf 83' lang='lat' dir='ltr'><strong>quod</strong></span> <span class='ocrx_word' id='word_1_520' title='bbox 351 3979 535 4040; x_wconf 88' lang='lat' dir='ltr'><strong>destructum</strong></span> <span class='ocrx_word' id='word_1_521' title='bbox 545 3983 659 4043; x_wconf 85' lang='lat' dir='ltr'><strong>iuerat:</strong></span> <span class='ocrx_word' id='word_1_522' title='bbox 675 3991 704 4044; x_wconf 90' lang='lat' dir='ltr'><strong>el</strong></span> <span class='ocrx_word' id='word_1_523' title='bbox 717 3988 782 4046; x_wconf 92' lang='lat' dir='ltr'><strong>tulit</strong></span> <span class='ocrx_word' id='word_1_524' title='bbox 793 3987 952 4048; x_wconf 88' lang='lat' dir='ltr'><strong>duodecim</strong></span> <span class='ocrx_word' id='word_1_525' title='bbox 967 3990 1085 4064; x_wconf 86' lang='lat' dir='ltr'><strong>lapides</strong></span> <span class='ocrx_word' id='word_1_526' title='bbox 1137 3990 1216 4049; x_wconf 83' lang='lat' dir='ltr'><strong>lacer</strong></span> <span class='ocrx_word' id='word_1_527' title='bbox 1231 3989 1321 4065; x_wconf 78' lang='lat'><strong>350</strong></span> <span class='ocrx_word' id='word_1_528' title='bbox 1333 3993 1460 4050; x_wconf 87' lang='lat' dir='ltr'><strong>clamavi</strong></span> <span class='ocrx_word' id='word_1_529' title='bbox 1473 4009 1480 4049; x_wconf 76' lang='grc' dir='ltr'>ι</span> <span class='ocrx_word' id='word_1_530' title='bbox 1493 3997 1522 4050; x_wconf 90' lang='lat' dir='ltr'><strong>et</strong></span> <span class='ocrx_word' id='word_1_531' title='bbox 1535 3993 1688 4050; x_wconf 86' lang='lat' dir='ltr'><strong>exaudivit</strong></span> <span class='ocrx_word' id='word_1_532' title='bbox 1700 4006 1758 4050; x_wconf 90' lang='lat' dir='ltr'><strong>me.</strong></span> 
     </span>
    </p>

    <p class='ocr_par' dir='ltr' id='par_1_12' title="bbox 251 4071 1683 4154">
     <span class='ocr_line' id='line_1_44' title="bbox 251 4071 1683 4154; baseline 0.007 -26"><span class='ocrx_word' id='word_1_533' title='bbox 251 4071 510 4145; x_wconf 75' lang='lat' dir='ltr'><strong>juxteuumcrum</strong></span> <span class='ocrx_word' id='word_1_534' title='bbox 522 4073 656 4131; x_wconf 90' lang='lat' dir='ltr'><strong>tribuum</strong></span> <span class='ocrx_word' id='word_1_535' title='bbox 669 4075 799 4133; x_wconf 88' lang='lat' dir='ltr'><strong>liliorum</strong></span> <span class='ocrx_word' id='word_1_536' title='bbox 814 4077 918 4147; x_wconf 79' lang='lat' dir='ltr'><strong>iacob,</strong></span> <span class='ocrx_word' id='word_1_537' title='bbox 934 4082 975 4136; x_wconf 88' lang='lat' dir='ltr'><strong>ad</strong></span> <span class='ocrx_word' id='word_1_538' title='bbox 995 4096 1084 4152; x_wconf 87' lang='lat' dir='ltr'><strong>quem</strong></span> <span class='ocrx_word' id='word_1_539' title='bbox 1174 4083 1324 4153; x_wconf 80' lang='lat' dir='ltr'><strong>Hymnus,</strong></span> <span class='ocrx_word' id='word_1_540' title='bbox 1346 4085 1368 4141; x_wconf 92' lang='lat'>0</span> <span class='ocrx_word' id='word_1_541' title='bbox 1386 4086 1543 4140; x_wconf 78' lang='lat' dir='ltr'><strong>Nouercae.</strong></span> <span class='ocrx_word' id='word_1_542' title='bbox 1558 4083 1613 4154; x_wconf 79' lang='lat' dir='ltr'><strong>sol.</strong></span> <span class='ocrx_word' id='word_1_543' title='bbox 1624 4087 1683 4140; x_wconf 79' lang='grc' dir='ltr'>ιιι.</span> 
     </span>
    </p>

    <p class='ocr_par' dir='ltr' id='par_1_13' title="bbox 251 4159 2040 4956">
     <span class='ocr_line' id='line_1_45' title="bbox 253 4159 2040 4247; baseline 0.01 -31"><span class='ocrx_word' id='word_1_544' title='bbox 253 4159 351 4217; x_wconf 83' lang='lat' dir='ltr'><strong>lactas</strong></span> <span class='ocrx_word' id='word_1_545' title='bbox 359 4165 406 4217; x_wconf 87' lang='lat' dir='ltr'><strong>est</strong></span> <span class='ocrx_word' id='word_1_546' title='bbox 414 4173 513 4217; x_wconf 90' lang='lat' dir='ltr'><strong>sermo</strong></span> <span class='ocrx_word' id='word_1_547' title='bbox 527 4162 654 4231; x_wconf 90' lang='lat' dir='ltr'><strong>Domini,</strong></span> <span class='ocrx_word' id='word_1_548' title='bbox 665 4163 786 4224; x_wconf 86' lang='lat' dir='ltr'><strong>dicens:</strong></span> <span class='ocrx_word' id='word_1_549' title='bbox 802 4167 891 4222; x_wconf 88' lang='lat' dir='ltr'><strong>lsrael</strong></span> <span class='ocrx_word' id='word_1_550' title='bbox 905 4166 959 4223; x_wconf 91' lang='lat' dir='ltr'><strong>erit</strong></span> <span class='ocrx_word' id='word_1_551' title='bbox 972 4183 1084 4225; x_wconf 88' lang='lat' dir='ltr'><strong>nomen</strong></span> <span class='ocrx_word' id='word_1_552' title='bbox 1175 4171 1287 4228; x_wconf 83' lang='lat' dir='ltr'><strong>Oratio.</strong></span> <span class='ocrx_word' id='word_1_553' title='bbox 1298 4169 1410 4229; x_wconf 86' lang='lat' dir='ltr'><strong>Christe</strong></span> <span class='ocrx_word' id='word_1_554' title='bbox 1418 4173 1467 4230; x_wconf 88' lang='lat' dir='ltr'><strong>Dei</strong></span> <span class='ocrx_word' id='word_1_555' title='bbox 1475 4171 1730 4230; x_wconf 80' lang='lat' dir='ltr'><strong>Patrisiadividue</strong></span> <span class='ocrx_word' id='word_1_556' title='bbox 1740 4171 1914 4247; x_wconf 85' lang='lat' dir='ltr'><strong>proles,qui</strong></span> <span class='ocrx_word' id='word_1_557' title='bbox 1929 4175 1978 4234; x_wconf 91' lang='lat' dir='ltr'><strong>ad·</strong></span> <span class='ocrx_word' id='word_1_558' title='bbox 2039 4169 2040 4204; x_wconf 61' lang='lat'>³</span> 
     </span>
     <span class='ocr_line' id='line_1_46' title="bbox 253 4250 1976 4336; baseline 0.008 -29"><span class='ocrx_word' id='word_1_559' title='bbox 253 4254 350 4308; x_wconf 88' lang='lat' dir='ltr'><strong>tuum.</strong></span> <span class='ocrx_word' id='word_1_560' title='bbox 365 4251 400 4309; x_wconf 86' lang='lat' dir='ltr'><strong>lit</strong></span> <span class='ocrx_word' id='word_1_561' title='bbox 416 4250 573 4310; x_wconf 78' lang='lat' dir='ltr'><strong>educavit</strong></span> <span class='ocrx_word' id='word_1_562' title='bbox 591 4253 629 4311; x_wconf 90' lang='lat' dir='ltr'><strong>de</strong></span> <span class='ocrx_word' id='word_1_563' title='bbox 642 4254 797 4328; x_wconf 88' lang='lat' dir='ltr'><strong>lapidibus</strong></span> <span class='ocrx_word' id='word_1_564' title='bbox 813 4257 905 4313; x_wconf 90' lang='lat' dir='ltr'><strong>altare</strong></span> <span class='ocrx_word' id='word_1_565' title='bbox 919 4256 1084 4316; x_wconf 89' lang='lat' dir='ltr'><strong>innomine</strong></span> <span class='ocrx_word' id='word_1_566' title='bbox 1138 4259 1976 4336; x_wconf 78' lang='lat' dir='ltr'><strong>sumptohomiaelaqueosiniquaelinguaeperpessusse;</strong></span> 
     </span>
     <span class='ocr_line' id='line_1_47' title="bbox 252 4329 1977 4422; baseline 0.008 -27"><span class='ocrx_word' id='word_1_567' title='bbox 252 4335 384 4397; x_wconf 89' lang='lat' dir='ltr'><strong>Domini:</strong></span> <span class='ocrx_word' id='word_1_568' title='bbox 397 4340 525 4416; x_wconf 88' lang='lat' dir='ltr'><strong>iecitque</strong></span> <span class='ocrx_word' id='word_1_569' title='bbox 539 4343 758 4417; x_wconf 74' lang='lat' dir='ltr'><strong>aqueductum,</strong></span> <span class='ocrx_word' id='word_1_570' title='bbox 774 4346 861 4418; x_wconf 86' lang='lat' dir='ltr'><strong>quasi</strong></span> <span class='ocrx_word' id='word_1_571' title='bbox 872 4361 926 4418; x_wconf 87' lang='lat' dir='ltr'><strong>per</strong></span> <span class='ocrx_word' id='word_1_572' title='bbox 936 4348 1012 4405; x_wconf 87' lang='lat' dir='ltr'><strong>duas</strong></span> <span class='ocrx_word' id='word_1_573' title='bbox 1023 4362 1085 4406; x_wconf 89' lang='lat' dir='ltr'><strong>ara·</strong></span> <span class='ocrx_word' id='word_1_574' title='bbox 1100 4329 1123 4386; x_wconf 83' lang='grc' dir='ltr'><strong>Ῑ)</strong></span> <span class='ocrx_word' id='word_1_575' title='bbox 1138 4353 1171 4406; x_wconf 91' lang='lat' dir='ltr'><strong>tu</strong></span> <span class='ocrx_word' id='word_1_576' title='bbox 1181 4347 1338 4405; x_wconf 85' lang='lat' dir='ltr'><strong>Ecclesiam</strong></span> <span class='ocrx_word' id='word_1_577' title='bbox 1349 4355 1427 4406; x_wconf 89' lang='lat' dir='ltr'><strong>tuam</strong></span> <span class='ocrx_word' id='word_1_578' title='bbox 1437 4349 1475 4406; x_wconf 93' lang='lat' dir='ltr'><strong>ab</strong></span> <span class='ocrx_word' id='word_1_579' title='bbox 1486 4349 1613 4406; x_wconf 87' lang='lat' dir='ltr'><strong>omnium</strong></span> <span class='ocrx_word' id='word_1_580' title='bbox 1627 4350 1802 4422; x_wconf 84' lang='lat' dir='ltr'><strong>passionum</strong></span> <span class='ocrx_word' id='word_1_581' title='bbox 1815 4350 1977 4410; x_wconf 89' lang='lat' dir='ltr'><strong>inlecebris</strong></span> 
     </span>
     <span class='ocr_line' id='line_1_48' title="bbox 253 4427 1976 4508; baseline 0.009 -23"><span class='ocrx_word' id='word_1_582' title='bbox 253 4427 414 4496; x_wconf 74' lang='lat' dir='ltr'><strong>hanoniae,</strong></span> <span class='ocrx_word' id='word_1_583' title='bbox 427 4428 459 4487; x_wconf 95' lang='lat' dir='ltr'><strong>iu</strong></span> <span class='ocrx_word' id='word_1_584' title='bbox 471 4431 594 4489; x_wconf 87' lang='lat' dir='ltr'><strong>circuitu</strong></span> <span class='ocrx_word' id='word_1_585' title='bbox 606 4431 717 4499; x_wconf 84' lang='lat' dir='ltr'><strong>altaris,</strong></span> <span class='ocrx_word' id='word_1_586' title='bbox 737 4439 765 4490; x_wconf 92' lang='lat' dir='ltr'><strong>et</strong></span> <span class='ocrx_word' id='word_1_587' title='bbox 785 4435 958 4508; x_wconf 90' lang='lat' dir='ltr'><strong>composuit</strong></span> <span class='ocrx_word' id='word_1_588' title='bbox 973 4437 1056 4508; x_wconf 79' lang='lat' dir='ltr'><strong>ligne</strong></span> <span class='ocrx_word' id='word_1_589' title='bbox 1075 4453 1083 4496; x_wconf 81' lang='lat' dir='ltr'><strong>r</strong></span> <span class='ocrx_word' id='word_1_590' title='bbox 1137 4435 1231 4494; x_wconf 89' lang='lat' dir='ltr'><strong>libera</strong></span> <span class='ocrx_word' id='word_1_591' title='bbox 1244 4452 1251 4504; x_wconf 88' lang='lat'><strong>;</strong></span> <span class='ocrx_word' id='word_1_592' title='bbox 1263 4452 1281 4493; x_wconf 90' lang='lat' dir='ltr'><strong>a</strong></span> <span class='ocrx_word' id='word_1_593' title='bbox 1295 4437 1475 4496; x_wconf 88' lang='lat' dir='ltr'><strong>nocibilitate</strong></span> <span class='ocrx_word' id='word_1_594' title='bbox 1492 4437 1640 4495; x_wconf 91' lang='lat' dir='ltr'><strong>labiorum</strong></span> <span class='ocrx_word' id='word_1_595' title='bbox 1656 4437 1881 4498; x_wconf 84' lang='lat' dir='ltr'><strong>detrahentium</strong></span> <span class='ocrx_word' id='word_1_596' title='bbox 1893 4441 1976 4500; x_wconf 77' lang='lat' dir='ltr'><strong>ialee·</strong></span> 
     </span>
     <span class='ocr_line' id='line_1_49' title="bbox 252 4517 1974 4600; baseline 0.006 -24"><span class='ocrx_word' id='word_1_597' title='bbox 252 4517 411 4593; x_wconf 80' lang='lat' dir='ltr'><strong>divisitque</strong></span> <span class='ocrx_word' id='word_1_598' title='bbox 420 4522 606 4592; x_wconf 89' lang='lat' dir='ltr'><strong>permcmbra</strong></span> <span class='ocrx_word' id='word_1_599' title='bbox 613 4519 729 4588; x_wconf 87' lang='lat' dir='ltr'><strong>bovem,</strong></span> <span class='ocrx_word' id='word_1_600' title='bbox 739 4525 768 4578; x_wconf 92' lang='lat' dir='ltr'><strong>et</strong></span> <span class='ocrx_word' id='word_1_601' title='bbox 776 4523 876 4595; x_wconf 88' lang='lat' dir='ltr'><strong>posuit</strong></span> <span class='ocrx_word' id='word_1_602' title='bbox 885 4539 975 4598; x_wconf 90' lang='lat' dir='ltr'><strong>super</strong></span> <span class='ocrx_word' id='word_1_603' title='bbox 989 4525 1083 4600; x_wconf 81' lang='lat' dir='ltr'><strong>ligna,</strong></span> <span class='ocrx_word' id='word_1_604' title='bbox 1138 4542 1204 4583; x_wconf 87' lang='lat' dir='ltr'><strong>sam</strong></span> <span class='ocrx_word' id='word_1_605' title='bbox 1218 4541 1383 4584; x_wconf 89' lang='lat' dir='ltr'><strong>conserva:</strong></span> <span class='ocrx_word' id='word_1_606' title='bbox 1397 4531 1546 4600; x_wconf 90' lang='lat' dir='ltr'><strong>quatenus</strong></span> <span class='ocrx_word' id='word_1_607' title='bbox 1572 4543 1590 4584; x_wconf 89' lang='lat' dir='ltr'><strong>a</strong></span> <span class='ocrx_word' id='word_1_608' title='bbox 1614 4527 1810 4597; x_wconf 80' lang='lat' dir='ltr'><strong>rugientibus,</strong></span> <span class='ocrx_word' id='word_1_609' title='bbox 1826 4531 1974 4588; x_wconf 78' lang='lat' dir='ltr'><strong>minisha&#39;s</strong></span> 
     </span>
     <span class='ocr_line' id='line_1_50' title="bbox 253 4607 1976 4689; baseline 0.006 -23"><span class='ocrx_word' id='word_1_610' title='bbox 253 4609 282 4667; x_wconf 87' lang='lat' dir='ltr'><strong>et</strong></span> <span class='ocrx_word' id='word_1_611' title='bbox 300 4608 363 4666; x_wconf 84' lang='lat' dir='ltr'><strong>aits</strong></span> <span class='ocrx_word' id='word_1_612' title='bbox 379 4607 499 4682; x_wconf 86' lang='lat' dir='ltr'><strong>implete</strong></span> <span class='ocrx_word' id='word_1_613' title='bbox 508 4614 639 4681; x_wconf 90' lang='lat' dir='ltr'><strong>quatuor</strong></span> <span class='ocrx_word' id='word_1_614' title='bbox 660 4607 785 4682; x_wconf 83' lang='lat' dir='ltr'><strong>hydrias</strong></span> <span class='ocrx_word' id='word_1_615' title='bbox 803 4625 894 4685; x_wconf 86' lang='lat' dir='ltr'><strong>equa,</strong></span> <span class='ocrx_word' id='word_1_616' title='bbox 920 4618 950 4670; x_wconf 91' lang='lat' dir='ltr'><strong>et</strong></span> <span class='ocrx_word' id='word_1_617' title='bbox 971 4613 1086 4674; x_wconf 84' lang='lat' dir='ltr'><strong>laodite</strong></span> <span class='ocrx_word' id='word_1_618' title='bbox 1138 4615 1249 4672; x_wconf 86' lang='lat' dir='ltr'><strong>scilicet</strong></span> <span class='ocrx_word' id='word_1_619' title='bbox 1267 4614 1424 4672; x_wconf 78' lang='lat' dir='ltr'><strong>diabolice</strong></span> <span class='ocrx_word' id='word_1_620' title='bbox 1438 4613 1592 4688; x_wconf 88' lang='lat' dir='ltr'><strong>potestatis</strong></span> <span class='ocrx_word' id='word_1_621' title='bbox 1607 4621 1756 4689; x_wconf 86' lang='lat' dir='ltr'><strong>exempta,</strong></span> <span class='ocrx_word' id='word_1_622' title='bbox 1782 4615 1903 4677; x_wconf 90' lang='lat' dir='ltr'><strong>tibimet</strong></span> <span class='ocrx_word' id='word_1_623' title='bbox 1917 4633 1976 4677; x_wconf 82' lang='lat' dir='ltr'><strong>coe·</strong></span> 
     </span>
     <span class='ocr_line' id='line_1_51' title="bbox 252 4697 2038 4777; baseline 0.006 -23"><span class='ocrx_word' id='word_1_624' title='bbox 252 4711 344 4770; x_wconf 87' lang='lat' dir='ltr'><strong>saper</strong></span> <span class='ocrx_word' id='word_1_625' title='bbox 354 4697 572 4770; x_wconf 87' lang='lat' dir='ltr'><strong>holocaustum,</strong></span> <span class='ocrx_word' id='word_1_626' title='bbox 588 4701 618 4755; x_wconf 84' lang='lat' dir='ltr'><strong>et</strong></span> <span class='ocrx_word' id='word_1_627' title='bbox 632 4712 722 4772; x_wconf 88' lang='lat' dir='ltr'><strong>super</strong></span> <span class='ocrx_word' id='word_1_628' title='bbox 735 4699 827 4771; x_wconf 76' lang='lat' dir='ltr'><strong>ligna.</strong></span> <span class='ocrx_word' id='word_1_629' title='bbox 843 4704 1029 4777; x_wconf 73' lang='lat' dir='ltr'><strong>hamumque</strong></span> <span class='ocrx_word' id='word_1_630' title='bbox 1040 4705 1084 4762; x_wconf 88' lang='lat' dir='ltr'><strong>di·</strong></span> <span class='ocrx_word' id='word_1_631' title='bbox 1137 4701 1203 4760; x_wconf 87' lang='lat' dir='ltr'><strong>lasti</strong></span> <span class='ocrx_word' id='word_1_632' title='bbox 1214 4704 1245 4760; x_wconf 86' lang='lat' dir='ltr'><strong>ia</strong></span> <span class='ocrx_word' id='word_1_633' title='bbox 1259 4703 1342 4760; x_wconf 89' lang='lat' dir='ltr'><strong>ouria</strong></span> <span class='ocrx_word' id='word_1_634' title='bbox 1354 4703 1498 4762; x_wconf 73' lang='lat' dir='ltr'><strong>inherent</strong></span> <span class='ocrx_word' id='word_1_635' title='bbox 1507 4702 1651 4776; x_wconf 76' lang='lat' dir='ltr'><strong>gloriosa.</strong></span> <span class='ocrx_word' id='word_1_636' title='bbox 2037 4709 2038 4718; x_wconf 78' lang='grc'>’</span> 
     </span>
     <span class='ocr_line' id='line_1_52' title="bbox 251 4755 2038 4861; baseline 0.006 -18"><span class='ocrx_word' id='word_1_637' title='bbox 251 4786 295 4844; x_wconf 84' lang='lat' dir='ltr'><strong>xit</strong></span> <span class='ocrx_word' id='word_1_638' title='bbox 308 4800 315 4842; x_wconf 73' lang='grc' dir='ltr'>ι</span> <span class='ocrx_word' id='word_1_639' title='bbox 328 4787 424 4844; x_wconf 80' lang='lat' dir='ltr'><strong>littam</strong></span> <span class='ocrx_word' id='word_1_640' title='bbox 438 4785 573 4843; x_wconf 90' lang='lat' dir='ltr'><strong>secando</strong></span> <span class='ocrx_word' id='word_1_641' title='bbox 587 4786 643 4845; x_wconf 90' lang='lat' dir='ltr'><strong>hoc</strong></span> <span class='ocrx_word' id='word_1_642' title='bbox 656 4787 752 4846; x_wconf 82' lang='lat' dir='ltr'><strong>tacite.</strong></span> <span class='ocrx_word' id='word_1_643' title='bbox 767 4790 821 4854; x_wconf 84' lang='lat' dir='ltr'><strong>Qui</strong></span> <span class='ocrx_word' id='word_1_644' title='bbox 847 4805 917 4848; x_wconf 90' lang='lat' dir='ltr'><strong>cum</strong></span> <span class='ocrx_word' id='word_1_645' title='bbox 946 4791 1087 4861; x_wconf 76' lang='lat' dir='ltr'><strong>iecissent</strong></span> <span class='ocrx_word' id='word_1_646' title='bbox 1174 4795 1258 4850; x_wconf 78' lang='lat' dir='ltr'><strong>Peter</strong></span> <span class='ocrx_word' id='word_1_647' title='bbox 1272 4795 1381 4850; x_wconf 88' lang='lat' dir='ltr'><strong>noster.</strong></span> <span class='ocrx_word' id='word_1_648' title='bbox 2037 4755 2038 4833; x_wconf 42' lang='lat' dir='ltr'><strong>i</strong></span> 
     </span>
     <span class='ocr_line' id='line_1_53' title="bbox 252 4874 1684 4956; baseline 0.006 -27"><span class='ocrx_word' id='word_1_649' title='bbox 252 4874 467 4943; x_wconf 66' lang='lat' dir='ltr'><strong>manuducit:</strong></span> <span class='ocrx_word' id='word_1_650' title='bbox 488 4874 584 4932; x_wconf 82' lang='lat' dir='ltr'><strong>littam</strong></span> <span class='ocrx_word' id='word_1_651' title='bbox 607 4877 694 4935; x_wconf 86' lang='lat' dir='ltr'><strong>tertio</strong></span> <span class='ocrx_word' id='word_1_652' title='bbox 711 4877 743 4935; x_wconf 87' lang='lat' dir='ltr'><strong>id</strong></span> <span class='ocrx_word' id='word_1_653' title='bbox 763 4877 975 4952; x_wconf 85' lang='lat' dir='ltr'><strong>ipsumtacite.</strong></span> <span class='ocrx_word' id='word_1_654' title='bbox 999 4885 1085 4942; x_wconf 80' lang='lat' dir='ltr'><strong>Fece·</strong></span> <span class='ocrx_word' id='word_1_655' title='bbox 1439 4881 1488 4939; x_wconf 78' lang='lat' dir='ltr'><strong>Ad</strong></span> <span class='ocrx_word' id='word_1_656' title='bbox 1521 4883 1684 4956; x_wconf 79' lang='lat' dir='ltr'><strong>vesperum.</strong></span> 
     </span>
    </p>

    <p class='ocr_par' dir='ltr' id='par_1_14' title="bbox 250 4963 2037 5225">
     <span class='ocr_line' id='line_1_54' title="bbox 250 4963 2037 5042; baseline 0.007 -22"><span class='ocrx_word' id='word_1_657' title='bbox 250 4966 380 5036; x_wconf 79' lang='lat' dir='ltr'><strong>rmtquc</strong></span> <span class='ocrx_word' id='word_1_658' title='bbox 393 4963 488 5029; x_wconf 73' lang='lat' dir='ltr'><strong>tertio</strong></span> <span class='ocrx_word' id='word_1_659' title='bbox 501 4967 530 5021; x_wconf 89' lang='lat' dir='ltr'><strong>et</strong></span> <span class='ocrx_word' id='word_1_660' title='bbox 544 4965 802 5041; x_wconf 75' lang='lat' dir='ltr'><strong>cumebaataqua</strong></span> <span class='ocrx_word' id='word_1_661' title='bbox 817 4967 1045 5040; x_wconf 75' lang='lat' dir='ltr'><strong>circumuallare,</strong></span> <span class='ocrx_word' id='word_1_662' title='bbox 1057 4987 1085 5042; x_wconf 72' lang='lat' dir='ltr'><strong>ey</strong></span> <span class='ocrx_word' id='word_1_663' title='bbox 1173 4969 1284 5029; x_wconf 72' lang='lat' dir='ltr'><strong>nasu.</strong></span> <span class='ocrx_word' id='word_1_664' title='bbox 1298 4969 1480 5029; x_wconf 89' lang='lat' dir='ltr'><strong>Diuminatio</strong></span> <span class='ocrx_word' id='word_1_665' title='bbox 1495 4986 1573 5039; x_wconf 88' lang='lat' dir='ltr'><strong>mea,</strong></span> <span class='ocrx_word' id='word_1_666' title='bbox 1587 4975 1616 5029; x_wconf 91' lang='lat' dir='ltr'><strong>et</strong></span> <span class='ocrx_word' id='word_1_667' title='bbox 1634 4969 1716 5028; x_wconf 86' lang='lat' dir='ltr'><strong>salus</strong></span> <span class='ocrx_word' id='word_1_668' title='bbox 1731 4985 1801 5030; x_wconf 88' lang='lat' dir='ltr'><strong>mea</strong></span> <span class='ocrx_word' id='word_1_669' title='bbox 1814 4973 1976 5032; x_wconf 69' lang='lat' dir='ltr'><strong>Dumium</strong></span> <span class='ocrx_word' id='word_1_670' title='bbox 2036 5017 2037 5026; x_wconf 30' lang='grc' dir='ltr'>ι</span> 
     </span>
     <span class='ocr_line' id='line_1_55' title="bbox 250 5037 2037 5133; baseline 0.007 -25"><span class='ocrx_word' id='word_1_671' title='bbox 250 5049 950 5131; x_wconf 74' lang='lat' dir='ltr'><strong>formaqueduotusrepletaest.(iamqueiam</strong></span> <span class='ocrx_word' id='word_1_672' title='bbox 962 5061 1083 5133; x_wconf 89' lang='lat' dir='ltr'><strong>tempus</strong></span> <span class='ocrx_word' id='word_1_673' title='bbox 1173 5060 1978 5133; x_wconf 63' lang='lat' dir='ltr'><strong>helmicus.lavooemciadlatribalatloniaaeteri·</strong></span> <span class='ocrx_word' id='word_1_674' title='bbox 2036 5037 2037 5085; x_wconf 55' lang='lat'>¹</span> 
     </span>
     <span class='ocr_line' id='line_1_56' title="bbox 250 5139 1792 5225; baseline 0.006 -25"><span class='ocrx_word' id='word_1_675' title='bbox 250 5145 331 5200; x_wconf 90' lang='lat' dir='ltr'><strong>esset</strong></span> <span class='ocrx_word' id='word_1_676' title='bbox 343 5147 377 5198; x_wconf 93' lang='lat' dir='ltr'><strong>at</strong></span> <span class='ocrx_word' id='word_1_677' title='bbox 389 5139 544 5200; x_wconf 80' lang='lat' dir='ltr'><strong>offerretur</strong></span> <span class='ocrx_word' id='word_1_678' title='bbox 570 5142 791 5212; x_wconf 87' lang='lat' dir='ltr'><strong>holocaustum,</strong></span> <span class='ocrx_word' id='word_1_679' title='bbox 821 5145 969 5205; x_wconf 87' lang='lat' dir='ltr'><strong>accedens</strong></span> <span class='ocrx_word' id='word_1_680' title='bbox 984 5148 1083 5208; x_wconf 80' lang='lat' dir='ltr'><strong>Deliae</strong></span> <span class='ocrx_word' id='word_1_681' title='bbox 1138 5149 1219 5225; x_wconf 89' lang='lat' dir='ltr'><strong>piam</strong></span> <span class='ocrx_word' id='word_1_682' title='bbox 1232 5155 1306 5222; x_wconf 69' lang='lat' dir='ltr'><strong>teet</strong></span> <span class='ocrx_word' id='word_1_683' title='bbox 1318 5149 1477 5223; x_wconf 80' lang='lat' dir='ltr'><strong>gloricahis</strong></span> <span class='ocrx_word' id='word_1_684' title='bbox 1493 5165 1551 5208; x_wconf 89' lang='lat' dir='ltr'><strong>me.</strong></span> <span class='ocrx_word' id='word_1_685' title='bbox 1564 5152 1703 5209; x_wconf 82' lang='grc' dir='ltr'>Ριαὶιιιιιι</span> <span class='ocrx_word' id='word_1_686' title='bbox 1716 5167 1792 5210; x_wconf 79' lang='lat' dir='ltr'><strong>tux.</strong></span> 
     </span>
    </p>

    <p class='ocr_par' dir='ltr' id='par_1_15' title="bbox 249 5231 2036 5592">
     <span class='ocr_line' id='line_1_57' title="bbox 249 5231 1977 5312; baseline 0.007 -23"><span class='ocrx_word' id='word_1_687' title='bbox 249 5231 408 5308; x_wconf 84' lang='lat' dir='ltr'><strong>propheta,</strong></span> <span class='ocrx_word' id='word_1_688' title='bbox 422 5232 481 5290; x_wconf 88' lang='lat' dir='ltr'><strong>ait:</strong></span> <span class='ocrx_word' id='word_1_689' title='bbox 498 5234 622 5290; x_wconf 90' lang='lat' dir='ltr'><strong>Domine</strong></span> <span class='ocrx_word' id='word_1_690' title='bbox 637 5235 713 5289; x_wconf 85' lang='lat' dir='ltr'><strong>Deus</strong></span> <span class='ocrx_word' id='word_1_691' title='bbox 726 5232 890 5302; x_wconf 84' lang='lat' dir='ltr'><strong>Abraham,</strong></span> <span class='ocrx_word' id='word_1_692' title='bbox 905 5241 934 5294; x_wconf 90' lang='lat' dir='ltr'><strong>et</strong></span> <span class='ocrx_word' id='word_1_693' title='bbox 947 5239 1043 5308; x_wconf 88' lang='lat' dir='ltr'><strong>isaac,</strong></span> <span class='ocrx_word' id='word_1_694' title='bbox 1055 5245 1084 5298; x_wconf 89' lang='lat' dir='ltr'><strong>et</strong></span> <span class='ocrx_word' id='word_1_695' title='bbox 1172 5239 1286 5296; x_wconf 65' lang='lat' dir='ltr'><strong>mado.</strong></span> <span class='ocrx_word' id='word_1_696' title='bbox 1300 5240 1402 5298; x_wconf 85' lang='lat' dir='ltr'><strong>Veniat</strong></span> <span class='ocrx_word' id='word_1_697' title='bbox 1421 5255 1512 5312; x_wconf 89' lang='lat' dir='ltr'><strong>super</strong></span> <span class='ocrx_word' id='word_1_698' title='bbox 1529 5253 1596 5309; x_wconf 89' lang='lat' dir='ltr'><strong>nos,</strong></span> <span class='ocrx_word' id='word_1_699' title='bbox 1614 5240 1748 5307; x_wconf 88' lang='lat' dir='ltr'><strong>Domine,</strong></span> <span class='ocrx_word' id='word_1_700' title='bbox 1764 5239 1977 5300; x_wconf 88' lang='lat' dir='ltr'><strong>misericordia</strong></span> 
     </span>
     <span class='ocr_line' id='line_1_58' title="bbox 250 5317 1977 5402; baseline 0.005 -24"><span class='ocrx_word' id='word_1_701' title='bbox 250 5317 350 5387; x_wconf 66' lang='lat' dir='ltr'><strong>isael,</strong></span> <span class='ocrx_word' id='word_1_702' title='bbox 364 5321 489 5378; x_wconf 89' lang='lat' dir='ltr'><strong>ostende</strong></span> <span class='ocrx_word' id='word_1_703' title='bbox 500 5322 590 5379; x_wconf 92' lang='lat' dir='ltr'><strong>hodie</strong></span> <span class='ocrx_word' id='word_1_704' title='bbox 600 5322 671 5393; x_wconf 82' lang='lat' dir='ltr'><strong>qrria</strong></span> <span class='ocrx_word' id='word_1_705' title='bbox 684 5327 716 5378; x_wconf 92' lang='lat' dir='ltr'><strong>tu</strong></span> <span class='ocrx_word' id='word_1_706' title='bbox 731 5337 762 5379; x_wconf 89' lang='lat' dir='ltr'><strong>es</strong></span> <span class='ocrx_word' id='word_1_707' title='bbox 779 5326 857 5380; x_wconf 86' lang='lat' dir='ltr'><strong>Deus</strong></span> <span class='ocrx_word' id='word_1_708' title='bbox 875 5327 973 5389; x_wconf 85' lang='lat' dir='ltr'><strong>lsrael.</strong></span> <span class='ocrx_word' id='word_1_709' title='bbox 986 5335 1013 5386; x_wconf 91' lang='lat' dir='ltr'><strong>et</strong></span> <span class='ocrx_word' id='word_1_710' title='bbox 1026 5345 1082 5400; x_wconf 77' lang='lat' dir='ltr'><strong>eac</strong></span> <span class='ocrx_word' id='word_1_711' title='bbox 1137 5331 1187 5386; x_wconf 91' lang='lat' dir='ltr'><strong>tua</strong></span> <span class='ocrx_word' id='word_1_712' title='bbox 1199 5345 1205 5393; x_wconf 87' lang='lat'>;</span> <span class='ocrx_word' id='word_1_713' title='bbox 1218 5333 1246 5384; x_wconf 89' lang='lat' dir='ltr'><strong>et</strong></span> <span class='ocrx_word' id='word_1_714' title='bbox 1257 5328 1385 5386; x_wconf 84' lang='lat' dir='ltr'><strong>salutare</strong></span> <span class='ocrx_word' id='word_1_715' title='bbox 1396 5337 1489 5396; x_wconf 84' lang='lat' dir='ltr'><strong>tuum,</strong></span> <span class='ocrx_word' id='word_1_716' title='bbox 1507 5334 1535 5386; x_wconf 87' lang='lat' dir='ltr'><strong>et</strong></span> <span class='ocrx_word' id='word_1_717' title='bbox 1545 5329 1699 5402; x_wconf 85' lang='lat' dir='ltr'><strong>eloquium</strong></span> <span class='ocrx_word' id='word_1_718' title='bbox 1714 5337 1809 5387; x_wconf 88' lang='lat' dir='ltr'><strong>tuum.</strong></span> <span class='ocrx_word' id='word_1_719' title='bbox 1830 5329 1863 5393; x_wconf 76' lang='lat' dir='ltr'><strong>t.</strong></span> <span class='ocrx_word' id='word_1_720' title='bbox 1884 5333 1920 5390; x_wconf 82' lang='lat' dir='ltr'><strong>Et</strong></span> <span class='ocrx_word' id='word_1_721' title='bbox 1934 5346 1977 5387; x_wconf 87' lang='lat' dir='ltr'><strong>re·</strong></span> 
     </span>
     <span class='ocr_line' id='line_1_59' title="bbox 251 5411 2035 5495; baseline 0.006 -27"><span class='ocrx_word' id='word_1_722' title='bbox 251 5420 355 5468; x_wconf 76' lang='lat' dir='ltr'><strong>servm</strong></span> <span class='ocrx_word' id='word_1_723' title='bbox 367 5413 448 5484; x_wconf 90' lang='lat' dir='ltr'><strong>tuus,</strong></span> <span class='ocrx_word' id='word_1_724' title='bbox 464 5418 494 5468; x_wconf 89' lang='lat' dir='ltr'><strong>et</strong></span> <span class='ocrx_word' id='word_1_725' title='bbox 513 5411 599 5484; x_wconf 78' lang='lat' dir='ltr'><strong>Juxta</strong></span> <span class='ocrx_word' id='word_1_726' title='bbox 610 5415 792 5483; x_wconf 80' lang='lat' dir='ltr'><strong>preceptum</strong></span> <span class='ocrx_word' id='word_1_727' title='bbox 807 5419 893 5472; x_wconf 90' lang='lat' dir='ltr'><strong>tuum</strong></span> <span class='ocrx_word' id='word_1_728' title='bbox 907 5415 963 5474; x_wconf 86' lang='lat' dir='ltr'><strong>ieci</strong></span> <span class='ocrx_word' id='word_1_729' title='bbox 978 5420 1083 5476; x_wconf 89' lang='lat' dir='ltr'><strong>omnia</strong></span> <span class='ocrx_word' id='word_1_730' title='bbox 1136 5417 1292 5491; x_wconf 84' lang='lat' dir='ltr'><strong>spondebo</strong></span> <span class='ocrx_word' id='word_1_731' title='bbox 1304 5419 1554 5491; x_wconf 83' lang='lat' dir='ltr'><strong>exprobrantibus</strong></span> <span class='ocrx_word' id='word_1_732' title='bbox 1567 5419 1642 5478; x_wconf 87' lang='lat' dir='ltr'><strong>mihi</strong></span> <span class='ocrx_word' id='word_1_733' title='bbox 1652 5419 1797 5478; x_wconf 87' lang='lat' dir='ltr'><strong>verbum:</strong></span> <span class='ocrx_word' id='word_1_734' title='bbox 1812 5421 1888 5495; x_wconf 89' lang='lat' dir='ltr'><strong>quia</strong></span> <span class='ocrx_word' id='word_1_735' title='bbox 1905 5435 1974 5494; x_wconf 86' lang='lat' dir='ltr'><strong>spe·</strong></span> <span class='ocrx_word' id='word_1_736' title='bbox 2034 5473 2035 5494; x_wconf 69' lang='lat'><strong>,</strong></span> 
     </span>
     <span class='ocr_line' id='line_1_60' title="bbox 250 5494 2035 5592; baseline 0.004 -33"><span class='ocrx_word' id='word_1_737' title='bbox 250 5496 346 5560; x_wconf 73' lang='lat' dir='ltr'><strong>ruas</strong></span> <span class='ocrx_word' id='word_1_738' title='bbox 356 5494 433 5560; x_wconf 82' lang='lat' dir='ltr'><strong>hec.</strong></span> <span class='ocrx_word' id='word_1_739' title='bbox 449 5498 891 5572; x_wconf 59' lang='lat' dir='ltr'><strong>mauriannensem</strong></span> <span class='ocrx_word' id='word_1_740' title='bbox 904 5518 952 5564; x_wconf 87' lang='lat' dir='ltr'><strong>rac</strong></span> <span class='ocrx_word' id='word_1_741' title='bbox 968 5511 1019 5565; x_wconf 80' lang='lat' dir='ltr'><strong>:ut</strong></span> <span class='ocrx_word' id='word_1_742' title='bbox 1031 5505 1081 5565; x_wconf 85' lang='lat' dir='ltr'><strong>dl·</strong></span> <span class='ocrx_word' id='word_1_743' title='bbox 1134 5505 1195 5566; x_wconf 81' lang='lat' dir='ltr'><strong>ravi</strong></span> <span class='ocrx_word' id='word_1_744' title='bbox 1207 5505 1238 5564; x_wconf 87' lang='lat' dir='ltr'><strong>ia</strong></span> <span class='ocrx_word' id='word_1_745' title='bbox 1263 5505 1453 5568; x_wconf 82' lang='lat' dir='ltr'><strong>sermonibus</strong></span> <span class='ocrx_word' id='word_1_746' title='bbox 1469 5507 1537 5566; x_wconf 84' lang='grc' dir='ltr'>ιιιιι.</span> <span class='ocrx_word' id='word_1_747' title='bbox 2034 5511 2035 5592; x_wconf 67' lang='lat' dir='ltr'><strong>l</strong></span> 
     </span>
    </p>
   </div>
   <div class='ocr_carea' id='block_1_5' title="bbox 0 0 2064 6172">
    <p class='ocr_par' dir='ltr' id='par_1_16' title="bbox 0 0 2064 6172">
     <span class='ocr_line' id='line_1_61' title="bbox 0 0 2064 6172; baseline 0 0"><span class='ocrx_word' id='word_1_748' title='bbox 0 0 2064 6172; x_wconf 95' lang='lat' dir='ltr'><strong> </strong></span> 
     </span>
    </p>
   </div>
  </div>
 </body>
</html>
