4117 6175
120 291 178 353 813
711 288 890 350 DOMINICA
908 288 921 345 1
940 284 1245 358 Qulbhluasfflra.
1779 302 1832 359 314

123 416 222 475 sitatis
236 414 368 473 advemu
377 415 592 487 declarescant,
611 420 641 475 et
653 422 808 476 ostensam
820 416 950 475 salutem
968 412 993 468 A
1008 428 1028 471 a
1044 414 1160 474 civitate
1171 417 1267 477 istaet
1279 416 1392 491 populo
1415 422 1479 479 tuo.
1501 420 1538 478 P.
1551 422 1626 489 Quia
1647 422 1718 496 pius
1744 438 1787 481 es.
1798 424 1830 489 i.

125 505 229 564 cordis
242 505 410 564 humilitate
437 506 614 579 suscipiant.
1008 506 1113 561 Averte
1124 505 1232 564 taciem
1246 510 1362 567 tuama
1385 508 1517 583 pcccatis
1535 511 1644 569 nosuis
1681 516 1710 570 et
1723 528 1829 572 omnes

160 596 249 653 Pater
266 598 381 653 noster.
1007 590 1179 666 iniquitates
1188 604 1307 655 nostras
1326 596 1401 655 dela.
1422 600 1456 656 P.
1480 598 1564 665 Quia.

1043 682 1183 753 Hymnus.
1198 687 1221 743 0
1234 688 1390 745 Nazarene.
1403 687 1463 758 fol.
1485 689 1545 745 lit.

1043 770 1156 829 Oratio.
1170 774 1274 833 Exalta
1283 792 1376 834 cornu
1388 782 1536 844 nostrum,
1557 775 1770 849 Domine,lidei
1783 795 1831 838 oa·

1006 858 1122 917 tholicae
1136 863 1258 933 merito;
1274 868 1303 922 et
1315 881 1354 924 ne
1380 866 1546 924 maculetur
1561 881 1647 924 mens
1678 868 1826 941 superbiae

162 950 533 1010 Domiuemisererenostri
547 972 554 1013 :
569 952 683 1011 monim
699 953 948 1027 expectavimus:
1006 950 1124 1019 morbo,
1139 966 1259 1023 gressus
1268 958 1387 1013 nostros
1406 970 1495 1029 super
1509 954 1617 1012 mundi
1631 957 1723 1027 hujus
1734 956 1831 1015 latitu-

125 1039 356 1099 estobrachium
365 1040 542 1099 nostrumin
553 1057 651 1108 mane,
663 1042 783 1100 etsalus
806 1045 909 1099 nostra
919 1039 950 1096 in
1006 1035 1075 1094 dine
1086 1039 1343 1101 tribueambulare
1359 1044 1502 1100 :nenoxii
1515 1043 1730 1101 incedemusin
1746 1061 1828 1103 com-

123 1134 258 1203 temporc
271 1128 485 1187 tribulationis.
498 1130 523 1185 A
537 1145 611 1188 voce
625 1130 730 1202 Angeli
743 1131 886 1203 fugerunt
898 1144 951 1203 po
1004 1125 1098 1199 pedes
1111 1146 1119 1197 ;
1131 1130 1183 1186 aad
1196 1129 1347 1189 humiliter
1361 1132 1517 1189 sentiendo
1544 1132 1584 1189 ad
1611 1132 1828 1207 plenitudinem

123 1218 198 1293 puli,
207 1222 238 1275 et
251 1218 292 1275 ab
306 1218 512 1291 expectatione
529 1222 581 1277 tua
593 1218 737 1293 disperse
750 1224 821 1277 sunt
836 1223 948 1291 gentes.
1007 1215 1071 1288 spei
1083 1216 1170 1273 nobis
1193 1218 1345 1277 condones
1371 1234 1542 1293 properare.

125 1305 951 1381 litcongregabunturspoliavestraeioutcolligiturbru·
1040 1304 1462 1381 Paternoster,quiesincoelis
1479 1326 1485 1367 :
1503 1308 1703 1367 sanctificetur
1717 1323 1828 1367 nomen

126 1392 214 1458 chus,
227 1394 308 1451 velut
321 1410 390 1452 cum
401 1394 488 1454 fossa
503 1396 601 1470 plena
614 1396 723 1455 luerint
736 1397 772 1455 de
785 1411 831 1454 eo.
842 1394 952 1468 llagui·
1005 1393 1091 1451 tuum
1104 1410 1112 1450 ι
1127 1393 1268 1453 adveniat
1279 1411 1407 1468 regnum
1421 1402 1507 1455 tuum
1524 1414 1531 1455 :
1547 1398 1601 1455 fiat
1612 1395 1751 1457 voluntas
1766 1402 1826 1457 tua.

124 1481 288 1541 ficatusest
301 1482 447 1541 Dominus
461 1486 610 1559 quoniam
625 1485 771 1545 habitavit
777 1486 809 1544 in
821 1484 947 1544 excelso:
1305 1485 1354 1541 Ad
1377 1486 1527 1557 vesperos.

120 1570 260 1644 implevit
287 1571 359 1631 Sion
374 1574 487 1646 judicio
505 1579 535 1633 et
551 1574 676 1647 justitia.
697 1578 730 1634 llt
750 1576 806 1633 erit
826 1574 901 1632 tides
918 1574 950 1631 iu
1039 1568 1155 1629 Laudo.
1170 1571 1219 1630 Sol
1233 1572 1354 1645 agnovit
1367 1588 1520 1633 occasum.
1542 1574 1670 1633 Posuisti
1681 1573 1826 1645 tenebras,
1884 1590 1888 1597 “

454 683 500 741 Ad
513 682 633 742 δοωιαηι

217 774 311 831 lectio
324 772 398 830 libri
409 773 509 831 lisola
534 774 687 848 Prophetes
703 775 786 847 (Cop-
802 776 859 848 ³3).

162 875 198 936 p.
213 865 273 919 beo
286 861 409 934 gratim

117 1660 310 1733 temporibus
318 1661 398 1719 suis:
412 1662 634 1722 divitioesalutis
649 1665 804 1738 sapientiae
814 1669 843 1722 et
854 1664 949 1721 scien·

118 1749 170 1808 tia
186 1766 194 1807 ε
210 1750 302 1809 timor
317 1752 437 1811 llomini
450 1753 515 1827 ipse
526 1754 683 1813 thesaurus
694 1761 748 1813 est.
764 1758 837 1813 Ecce
848 1754 984 1833 viden-B

120 1842 169 1895 tes
181 1839 441 1907 clamabuntforia,
454 1843 592 1915 etAngell
600 1843 683 1917 pacis
701 1859 804 1902 amare
816 1843 946 1902 flebunt.

120 1927 276 2000 Dissipate
287 1930 430 1999 suntviae,
440 1932 570 1989 cessavit
578 1932 787 2006 transiensper
795 1934 945 1999 semitam,

117 2015 235 2074 irritum
244 2017 359 2077 lactum
373 2024 418 2078 est
429 2024 564 2093 pactum,
579 2021 705 2093 proJ'ccit
716 2022 859 2089 civitates,
884 2035 946 2078 uon

115 2106 268 2178 reputavit
279 2106 428 2165 homines.
441 2108 536 2175 Luxit,
551 2107 722 2181 atelanguit
736 2114 814 2167 terra
830 2108 948 2167 :coniu-

119 2209 174 2249 sus
187 2200 233 2251 est
247 2194 425 2267 libanus,et
439 2196 605 2266 obsorduit,
632 2203 663 2256 et
675 2197 773 2255 iactus
786 2200 830 2255 est
849 2196 947 2258 Saron

118 2281 196 2339 sicut
208 2282 374 2344 dmmtum:
391 2289 420 2343 et
432 2300 578 2344 concussa
596 2290 642 2345 est
656 2289 763 2354 Basso,
778 2289 806 2343 et
830 2287 947 2344 Carme-

115 2370 178 2427 lus.
195 2373 281 2430 Nunc
303 2388 450 2446 exurgam
468 2376 540 2433 dicit
554 2376 699 2434 hominus
720 2391 821 2434 :nunc
837 2374 947 2434 exalta-

114 2457 184 2528 bor,
196 2474 281 2517 nunc
295 2461 487 2523 sublevabor.
502 2476 538 2537 lp.
568 2470 677 2523 Amen.

154 2550 328 2621 antiphona
340 2554 434 2620 Aoni
445 2553 566 2626 diligitis
584 2555 753 2621 bominum,
779 2554 859 2614 odite
882 2568 947 2612 ma-

114 2636 183 2695 lum
198 2658 205 2699 :
221 2640 351 2699 custodit
359 2642 503 2699 Dominus
513 2644 632 2702 mimas
644 2657 942 2713 servorumsuorum,

118 2726 269 2786 demanu
280 2731 445 2802 peccatoris
458 2730 597 2790 liberavit
623 2748 684 2791 eos.
718 2733 944 2791 Psolmusxcvr.

157 2815 271 2874 Oratio.
286 2819 515 2892 neus,cujusin
541 2836 637 2893 regno
660 2821 844 2879 credentium
868 2823 946 2877 terra

116 2901 235 2961 exultat
246 2906 501 2979 ;oujusjuetitiam
513 2907 770 2967 coeHaununtiant
781 2925 789 2975 ;
802 2906 945 2980 cujusdo-

116 2990 642 3069 minationemAngelorrimlegioues
652 2997 799 3055 adorant:
817 2992 945 3052 custodi

118 3094 278 3139 servorum
286 3085 407 3141 tuorum
415 3084 548 3155 animan
563 3101 642 3144 acne
662 3086 777 3160 peccati
792 3089 945 3143 auctorem
960 3057 983 3118 G

117 3172 279 3242 aeqnentm
295 3171 491 3241 intereamus,
506 3178 539 3232 tu
563 3171 678 3244 libora3
694 3179 726 3231 tu
750 3177 871 3249 protege
888 3189 895 3229 ε
913 3176 946 3230 tu

116 3271 269 3315 conserva
280 3275 287 3313 :
298 3262 342 3330 ut,
355 3275 426 3318 curn
438 3264 507 3318 ante
518 3261 627 3320 taciem
638 3266 721 3321 tuam
734 3262 813 3334 ignis
821 3261 945 3319 combu-

114 3359 184 3402 rens
198 3345 338 3418 proiecit,
352 3363 416 3405 non
433 3365 490 3407 nos
502 3350 678 3408 meritorum
706 3365 798 3424 poena
818 3364 945 3407 exuren-

113 3432 172 3490 dos
185 3435 331 3509 accipiat3
345 3435 400 3493 aed
413 3437 572 3499 clementia
585 3441 781 3507 occatoriam
792 3438 942 3504 vivamus,

114 3521 231 3595 eripiat.
252 3534 287 3596 tp.
305 3526 410 3582 Amen.

150 3610 207 3668 Per
215 3611 470 3673 misericordiam.

153 3701 326 3773 Antiphone
336 3707 364 3760 2.
378 3703 584 3773 Beaticmnes,
597 3704 650 3779 qui
661 3703 943 3773 timentllominum,

119 3788 207 3861 etqui
219 3789 381 3848 ambulant
394 3791 425 3849 in
439 3792 578 3865 viisojus.
590 3793 727 3851 Psolmus
745 3807 839 3849 oxxvn

152 3877 264 3938 Oratio
274 3879 363 3947 Deus,
374 3881 427 3954 qui
441 3881 576 3940 timentes
591 3887 628 3951 te,
644 3881 750 3941 beatos
775 3879 944 3955 prophetali

115 3981 189 4024 voce
202 3969 400 4041 pronuntias;
411 3969 452 4029 da
462 3970 592 4028 innobis
613 3972 657 4030 tui
669 3971 782 4028 amoris
797 3969 945 4043 obsequia

116 4052 305 4127 beneplacita
317 4061 349 4114 ut
362 4072 400 4114 ex
409 4057 467 4114 hoc
475 4058 508 4115 in
518 4059 575 4115 viis
584 4059 642 4116 tuis
664 4056 821 4115 ambulare
831 4071 887 4113 nos
902 4056 945 4114 fa-

118 4142 195 4198 cias.
211 4142 321 4216 Sitque,
334 4149 362 4203 te
375 4145 574 4217 gubernante,
588 4147 675 4205 labor
690 4149 791 4203 noster
803 4145 861 4201 tuis
876 4160 945 4202 cou-

120 4228 539 4308 lisplacitus;cu1‘usiructus
570 4239 704 4309 tempore
733 4233 946 4291 remuneratio·

118 4317 169 4375 nis
183 4317 328 4378 efficiatur
339 4323 555 4382 suavissimus:
566 4340 601 4382 ac
612 4323 655 4380 sio
664 4323 752 4381 labor
759 4323 824 4396 ipse
831 4321 868 4378 de
877 4321 946 4380 cha·

116 4406 203 4464 ritate
214 4407 382 4480 studeatur,
395 4415 428 4470 ut
445 4411 528 4486 apud
544 4415 572 4472 te
583 4411 682 4485 trugas
695 4411 723 4469 ei
737 4412 769 4469 in
782 4409 943 4469 beatitudi-
958 4405 983 4462 D

116 4510 157 4552 ue
170 4496 386 4556 recondantur.
405 4510 439 4572 lp.
466 4505 573 4559 Amen.

155 4585 211 4642 Per
223 4586 468 4647 misericordiam.

150 4675 325 4748 Antiphone
339 4680 365 4735 3.
382 4678 485 4752 speret
502 4678 592 4737 lsrael
613 4679 644 4735 iu
675 4677 813 4744 Domino,
830 4692 867 4733 ex
881 4675 940 4734 hoc

116 4769 239 4821 nuncet
249 4781 349 4838 usque
370 4765 403 4822 in
416 4767 570 4825 saeculum.
586 4768 818 4825 Psalmuscxxx.

153 4863 185 4922 lt.
192 4853 396 4926 Depreccmur
402 4855 608 4926 hominum,et
620 4852 942 4928 placabiliseritnobis.

119 4939 150 4995 P.
164 4939 422 5011 Etaxaudietnos,
438 4944 660 5001 etmiserebitur
669 4942 768 5001 nobis.
780 4941 813 5005 lt.
829 4941 943 5012 Venite,

121 5029 286 5089 exultemus
298 5032 442 5090 nomino:
455 5030 814 5106 jubilemusllccsalutari
827 5034 942 5087 nostro.

125 5117 336 5176 actuandi.
351 5119 383 5181 l.
396 5119 504 5189 Gloria,
537 5123 566 5178 ct
576 5121 685 5178 honor.
716 5120 885 5177 liciterctur
904 5127 939 5189 lp.

156 5205 265 5267 Precca
277 5206 419 5267 Dicamus
431 5225 554 5268 omnes:
570 5211 672 5276 Parce,
692 5207 830 5278 Domine,
842 5209 872 5263 et
889 5205 944 5262 mi-

126 5307 226 5354 serere.
243 5297 277 5354 P.
292 5296 367 5364 Ossia
391 5298 459 5371 pius
469 5315 510 5356 es.
525 5298 558 5360 t.
577 5298 622 5356 Ad
634 5303 663 5356 to
675 5297 814 5356 levamus
840 5293 944 5352 oculos

123 5387 243 5454 nostros,
258 5385 312 5460 qui
326 5385 444 5445 habitas
461 5387 493 5446 in
507 5387 601 5446 coells.
617 5387 650 5442 P.
665 5387 740 5455 ouis
751 5387 821 5460 pius
840 5401 887 5442 es.
903 5383 938 5447 l.

122 5470 242 5533 &ivam
253 5474 314 5548 lac,
332 5475 466 5544 Domine,
486 5476 632 5550 populum
656 5480 755 5545 tuum,
772 5479 801 5535 et
818 5471 944 5534 benedic

120 5559 414 5626 hereditabmtnam.
427 5564 462 5623 P.
470 5566 556 5634 Quia.
570 5566 767 5631 lavabatur
780 5564 943 5627 lurortuus

1003 1658 1033 1714 et
1041 1656 1120 1717 lacta
1133 1664 1178 1717 est
1190 1675 1261 1719 nox.

1038 1746 1183 1805 murinus
1202 1747 1249 1807 eit.
1263 1759 1296 1821 tp.
1312 1752 1436 1807 Etcum.

1038 1835 1222 1907 Antiphone.
1236 1836 1336 1911 Reple,
1347 1838 1436 1909 Deus,
1454 1834 1569 1909 gaudio
1583 1837 1767 1893 canestrum
1781 1836 1826 1892 :et

1000 1920 1214 1995 linguanostra
1231 1925 1264 1983 in
1278 1926 1467 1985 exultatione.
1494 1926 1633 1984 Psalmua
1649 1940 1735 1981 cxxv.

1036 2010 1180 2069 Dominus
1189 2014 1235 2071 ait.
1252 2025 1285 2087 lp.
1299 2018 1332 2073 Et
1346 2018 1432 2073 Cum.

1036 2098 1152 2157 Laudo.
1175 2101 1273 2168 Quam
1294 2102 1396 2163 dulcia
1417 2102 1554 2161 laucibus
1566 2102 1680 2159 meisP.
1699 2098 1825 2174 Eloquia

1000 2191 1062 2257 tua,
1087 2188 1171 2262 173
1185 2206 1276 2264 super
1283 2190 1343 2249 mel
1350 2195 1380 2249 et
1388 2191 1492 2249 iarum
1502 2192 1546 2250 ori
1559 2206 1640 2251 meo.
1654 2190 1689 2255 i.
1703 2189 1748 2249 Ab
1762 2205 1826 2247 om-

999 2276 1090 2334 nivia
1102 2276 1183 2336 mala
1196 2279 1322 2351 prohibe
1344 2281 1438 2355 pedes
1468 2296 1574 2339 meos:
1595 2284 1629 2338 ut
1655 2278 1824 2337 custodiam

999 2365 1163 2427 verbatua.
1179 2368 1213 2425 Ρ.
1229 2369 1364 2444 Eloquia.
1379 2371 1411 2435 tt.
1419 2370 1526 2443 Gloria,
1541 2374 1571 2429 et
1582 2371 1679 2430 honor
1698 2367 1823 2427 PatriP.

999 2452 1134 2529 Eloquia.

1339 2547 1485 2618 Hymnus.

1140 2632 1265 2703 Christe,
1275 2648 1443 2709 precamur,
1468 2646 1592 2699 annue;

1105 2719 1263 2793 illatasque
1277 2736 1366 2779 vocas
1376 2719 1495 2779 tletibus

1106 2810 1229 2882 Semper
1242 2808 1391 2881 benignus
1403 2814 1433 2867 et
1451 2809 1520 2882 pius

1105 2901 1265 2957 venturam
1277 2899 1310 2956 in
1323 2901 1442 2955 noctem
1458 2895 1593 2969 suadpe.

1140 2990 1178 3047 Te
1190 2988 1282 3046 corda
1291 2986 1553 3045 nostrasomnient
1566 3001 1574 3042 t

1103 3080 1205 3152 l'eper
1218 3093 1356 3152 soporem
1384 3076 1513 3136 cendant
1528 3093 1535 3134 s

1104 3171 1259 3241 'luemque
1270 3180 1389 3239 semper
1413 3164 1540 3237 gloriam

1106 3254 1283 3314 Vicinaluce
1312 3253 1481 3312 concinant.

1140 3344 1236 3402 Vitam
1245 3342 1399 3400 salubrem
1421 3340 1537 3398 mbae:

1106 3436 1244 3490 Nostrum
1256 3430 1387 3488 calorem
1412 3427 1501 3484 relloe
1513 3442 1521 3492 ;

1103 3524 1221 3580 latram
1244 3519 1340 3578 noctis
1364 3515 1522 3587 caliginem

1105 3609 1228 3668 Claritas
1242 3611 1296 3666 tua
1309 3604 1478 3663 inluminet.

1139 3694 1266 3770 llymnis
1285 3696 1356 3752 vota
1380 3689 1587 3767 persolvimus,

1104 3785 1272 3858 vesperque
1286 3797 1406 3840 sacrum
1423 3778 1589 3855 poscimus,

1105 3873 1250 3934 Nostrum
1264 3870 1368 3929 delens
1395 3866 1639 3942 chirographum,

1103 3962 1260 4034 'tuumque
1277 3963 1424 4035 praestans
1460 3956 1586 4014 editum.

1139 4050 1199 4106 Ileo
1209 4049 1289 4107 Patri
1302 4047 1339 4105 sit
1352 4046 1455 4120 gloria,

1106 4139 1236 4212 Ejuaque
1251 4138 1306 4196 soll
1334 4136 1413 4198 lilio.

1107 4227 1214 4285 Sancto
1226 4222 1314 4283 simul
1328 4223 1472 4282 Paraclito

1106 4317 1139 4370 ln
1157 4315 1337 4388 sempiterna
1361 4311 1479 4369 saecula.

1140 4405 1245 4460 Amen.

1033 4491 1231 4562 Sssppls‘eatio.
1245 4491 1379 4550 oremus.
1395 4487 1499 4558 Quare
1509 4488 1569 4559 fol.
1589 4487 1653 4546 138.

1035 4571 1821 4654 capitulationaruruhorarumspatiishujusdieijam

997 4671 1136 4748 peractis,
1147 4668 1212 4738 tibi,
1226 4667 1512 4741 omnipotensbeus.
1530 4661 1709 4721 saorfficium
1724 4660 1822 4718 reddi·

997 4753 1647 4830 muslaudis,uthocjejuniumfestumtuorum
1665 4749 1702 4806 sit
1717 4746 1817 4820 gaudi·

997 4847 1237 4909 umservulorum
1245 4863 1252 4902 :
1260 4850 1301 4917 ut,
1313 4844 1365 4918 qui
1372 4841 1426 4902 tibi
1432 4841 1637 4900 submittentes
1642 4837 1722 4896 colla
1729 4838 1819 4896 servi-

997 4956 1077 5008 mus,
1090 4935 1232 4998 acunctis
1244 4931 1399 4992 diabolicis
1408 4929 1565 4989 fraudibus
1574 4942 1725 4986 eruamur.
1737 4930 1822 4988 Dona

996 5021 1439 5102 itaqueservistuispraeaidium
1454 5017 1647 5085 indefessum,
1655 5021 1689 5076 ut
1704 5019 1763 5077 tuis
1776 5017 1820 5075 in·

996 5105 1818 5179 haerendomandatis,nonconturbemurabinsidiatore,

997 5204 1085 5262 sedte
1095 5215 1264 5260 mereamur
1275 5196 1387 5256 habere
1399 5196 1431 5252 in
1446 5195 1589 5255 omnibus
1607 5199 1818 5269 protectorem.

1034 5292 1120 5348 Pater
1137 5292 1280 5346 noster.A
1293 5285 1376 5344 malo
1387 5301 1444 5343 nos
1466 5283 1570 5343 bbere.
1585 5285 1641 5355 tol.
1654 5285 1698 5338 lo.

1032 5377 1208 5436 Benedictio.
1219 5375 1363 5436 hominus
1371 5377 1456 5435 lesus
1462 5371 1606 5440 Christus,
1617 5368 1727 5442 quiper
1738 5361 1821 5420 elee-

996 5483 1158 5542 mosynam
1168 5465 1349 5540 etiejunium
1361 5463 1495 5535 extingui
1503 5457 1714 5528 dixitpeccata,
1729 5467 1822 5527 super

996 5575 1052 5623 vos
1065 5555 1281 5620 benedictionis
1290 5569 1353 5614 sure
1366 5545 1657 5620 concedatgratiam·
1668 5555 1705 5620 p.
1715 5545 1821 5604 Amen.
