4117 6175
253 300 290 357 ιι
883 287 1109 349 ensvrenruu
1129 291 1328 353 eornroun.
1934 298 1972 352 ee

291 414 1041 491 Omnianliadirnatarusquelatiaemllnttttiat,at
1051 417 1083 473 ia
1096 416 1120 471 A
1171 420 1469 479 BenedictioDnicus
1480 419 1569 478 Filius
1582 418 1644 492 Dei,
1653 420 1705 493 qui
1711 419 1832 491 genitus
1839 418 1877 477 de
1885 424 1972 479 utero

255 512 427 584 secluseras
434 510 542 581 primm
553 507 808 579 Hebdomadasol.
825 510 867 565 ta.
878 507 1082 580 mitescente
1137 510 1239 576 Patris,
1253 510 1403 569 incarnari
1413 509 1496 568 venit
1510 524 1546 567 ex
1561 514 1645 567 utero
1659 509 1797 581 Virginis,
1812 508 1894 567 eluat
1912 524 1973 567 nos

255 600 431 673 Prophetis.
447 598 516 655 llaec
530 595 601 653 dicit
616 595 760 654 Dominus
776 613 783 652 :
800 595 939 653 salvabo.
960 596 1018 666 sol.
1035 599 1081 653 2³.
1138 598 1177 656 ah
1188 600 1467 675 omnicorruptione
1474 598 1616 658 humanm
1626 598 1816 657 conditionis.
1824 610 1856 669 ιι.
1863 600 1970 657 Amen.

247 692 249 697 '
293 691 406 747 Oratio.
418 689 495 743 Deus
506 686 601 752 Pater,
609 684 778 759 qui,lilium
788 688 874 743 tuum
887 686 1035 741 missurus
1043 682 1083 741 ad
1138 688 1715 763 Atqneidem,quiincomprebensibitis
1728 686 1974 746 venitadverita-

258 793 360 847 terras,
375 776 490 848 legatos
504 779 581 845 tuos,
590 790 680 832 voees
690 775 792 849 utique
803 773 1083 848 praedicantiumad
1140 781 1200 833 tem
1214 776 1341 835 hnmani
1353 778 1495 852 corporis,
1512 777 1594 834 tollat
1607 793 1627 833 a
1640 776 1728 834 nobis
1747 776 1974 834 immunditiam

258 872 361 941 gentes
373 865 522 934 destinati,
538 864 583 921 vel
598 865 637 921 ad
645 864 768 937 insulas,
785 864 838 938 qui
846 864 1084 922 incarnationem
1139 866 1282 924 humanm
1295 867 1506 941 corruptionis.
1525 877 1558 939 ιι.
1573 869 1679 923 Amen.
1691 868 1734 935 nt,
1751 866 1804 939 qui
1817 865 1878 923 vita
1891 864 1974 924 venit

258 959 324 1030 ejus
339 956 547 1031 praedicentes,
558 953 647 1025 longe
663 953 703 1011 ad
712 969 774 1021 ens,
787 952 1083 1027 quinonaudiernnt,
1140 956 1415 1031 mortemperferre,
1427 956 1538 1014 tribuat
1548 954 1636 1012 nobis
1645 954 1767 1011 nibilde
1779 954 1974 1013 mortisdam-

258 1042 488 1103 verbitnifidem
500 1040 898 1117 praedicandoporrigerent3
907 1041 1087 1112 danobis,et
1139 1043 1263 1102 natione
1277 1044 1397 1102 sentire.
1414 1056 1447 1116 ιι.
1460 1048 1569 1101 Amen.

260 1140 288 1193 te
302 1134 458 1192 audientes
473 1131 581 1189 avitiis
596 1132 781 1205 resipiscere,
792 1135 821 1189 ιι
830 1131 984 1188 credentes
1000 1135 1029 1189 te
1039 1148 1086 1188 su·
1178 1132 1235 1189 Per
1249 1132 1485 1190 misericordiam
1501 1132 1608 1205 ipsius,
1623 1134 1680 1189 etc.

261 1238 385 1300 pernam
398 1222 562 1297 promereri
573 1220 767 1279 hereditatem
782 1224 832 1278 :ut
841 1220 991 1279 Christum
1001 1225 1088 1278 tuum
1179 1222 1296 1280 Ῑιαιιιια.
1313 1220 1457 1279 Dominus
1465 1220 1497 1278 in
1508 1220 1635 1278 circuitu
1647 1218 1752 1293 populi
1763 1217 1809 1277 sui
1823 1222 1868 1277 est
1882 1239 1890 1281 :
1907 1220 1977 1278 alle-

260 1311 451 1369 serrnonibus
464 1308 680 1385 praedicantem
695 1309 836 1385 operibus
851 1325 913 1366 nnn
923 1308 1090 1369 efficiamur
1144 1310 1217 1368 luia.
1237 1310 1270 1369 P.
1284 1310 1325 1367 Ex
1336 1310 1494 1381 bocauna,
1509 1317 1538 1368 et
1553 1309 1689 1385 usquein
1702 1314 1847 1367 aternum
1858 1326 1977 1383 parsu·

261 1406 329 1459 ante
342 1404 400 1457 tuae
414 1399 516 1469 gloriae
530 1398 927 1470 maiestatemdamnabiles.
940 1410 971 1469 ιι.
984 1398 1089 1455 Αιιιιιι.
1145 1416 1200 1473 per
1212 1399 1311 1458 lsrael.
1327 1399 1461 1462 Alleluia,
1476 1397 1606 1457 alleluia.
1622 1399 1654 1460 t.
1665 1398 1851 1467 Benedictus,
1863 1399 1917 1473 qui
1931 1414 1980 1456 ve-

297 1494 351 1545 Per
362 1486 599 1545 misericordiam
616 1493 711 1556 tuam,
728 1491 805 1545 Dens
820 1492 930 1555 noster,
945 1492 1000 1544 etc.
1146 1488 1190 1546 nit
1206 1487 1374 1546 innomine
1390 1488 1528 1546 :Domini
1547 1490 1636 1557 Deus,
1664 1488 1819 1554 Dominus,
1842 1491 1872 1545 et
1884 1477 1982 1546 illurit

297 1578 385 1635 Dicat
397 1577 564 1647 Presbyter.
582 1578 725 1634 Dominus
737 1577 776 1635 sit
789 1592 909 1651 semper
923 1576 1090 1633 vobiscum.
1145 1578 1245 1635 nobis.
1256 1579 1287 1635 P.
1303 1580 1346 1634 lix
1359 1578 1417 1635 hoc
1428 1593 1522 1635 nnnc.
1546 1577 1579 1639 tt.
1593 1577 1704 1643 Gloria,
1728 1581 1758 1635 et
1771 1576 1869 1634 bonor
1888 1578 1919 1634 P.
1937 1581 1982 1635 llx

263 1679 296 1738 ιι.
310 1668 343 1722 Ει
357 1681 428 1722 cnm
447 1664 554 1739 spiritu
567 1668 628 1723 tuo.
1146 1666 1204 1723 boc
1219 1682 1312 1724 nnnc.

299 1758 331 1811 ln
346 1753 468 1811 nomine
479 1753 698 1811 Domininostri
707 1755 777 1809 lesu
785 1754 890 1811 Christi
898 1752 1130 1832 perficiemusp
1183 1754 1287 1812 Oratio
1300 1756 1422 1812 dicitur.
1445 1754 1599 1825 Unigenite
1621 1753 1711 1811 Filius
1738 1754 1790 1811 Dei
1801 1754 1904 1812 Patris.
1926 1756 1982 1812 Re.

263 1858 331 1900 cum
345 1858 428 1915 pace.
449 1852 481 1913 ιι.
497 1842 557 1899 Deo
570 1843 689 1912 gratias.
1145 1846 1233 1917 quire
1252 1845 1285 1900 ia
1300 1845 1461 1902 Matutiais
1471 1844 1671 1917 sequentibus.

281 1934 316 1989 lN
336 1931 478 1998 Quanto
498 1929 668 1989 DODlNlGD
691 1931 736 1986 DE
754 1930 919 1989 ADVENTD
938 1930 1071 1991 DDlllNl.
1442 1934 1490 1989 Ad
1507 1934 1684 1991 Matutiaos.

564 2020 604 2077 Ad
621 2022 772 2091 vesperos.
1182 2024 1331 2095 Hymnus.
1347 2025 1464 2079 AEterne
1478 2038 1579 2079 rerum
1588 2021 1739 2080 Conditor.
1751 2022 1876 2093 Require
1888 2022 1976 2093 sota-

267 2110 381 2167 Loudo.
398 2112 420 2164 Α
435 2106 507 2167 solis
521 2113 589 2166 ortu
613 2109 768 2184 usquead
793 2123 945 2167 occasum.
973 2110 1090 2168 Oratio.
1182 2109 1979 2185 Oratio.DomineDeusPateromnipotcns,inspirator

265 2201 353 2268 Deus,
367 2200 453 2271 cujus
467 2213 579 2257 nomen
591 2201 636 2256 est
648 2199 850 2257 benedictum.
862 2200 1052 2274 acquireret.
1065 2205 1091 2259 t.
1145 2214 1280 2273 precum,
1304 2204 1392 2274 teque
1419 2199 1622 2256 insonantium
1642 2197 1730 2256 velox
1756 2198 1875 2256 auditor
1883 2219 1893 2273 ;
1909 2200 1977 2257 voci

300 2290 386 2347 Seno.
405 2288 484 2345 Deus
498 2288 624 2346 deorum
638 2288 784 2347 Dominus
796 2289 913 2348 locutus
925 2294 986 2348 cst:
1004 2304 1094 2348 voca-
1146 2293 1266 2356 nostrae,
1281 2302 1413 2359 oramus,
1426 2288 1592 2345 clementiae
1607 2293 1666 2345 tum
1678 2304 1782 2346 aurern
1805 2304 1934 2363 appone,
1949 2293 1980 2347 et

265 2377 306 2435 vit
321 2382 430 2436 terram
446 2393 483 2435 ex
497 2378 579 2435 Sion.
598 2378 628 2433 P.
645 2378 760 2452 species
782 2378 900 2436 decoris
915 2379 999 2451 eius:
1024 2379 1092 2436 alle·
1147 2377 1447 2436 nostrorumvincula
1454 2376 1665 2452 peccaminum
1672 2377 1978 2450 potentimiseratinne

264 2467 376 2533 iniat.
391 2468 469 2523 Deus
485 2465 641 2524 manifeste
650 2468 761 2539 veniet,
770 2468 848 2526 Dens
860 2472 979 2526 noster:
994 2472 1093 2526 elnon
1147 2466 1299 2525 dissolve:
1316 2467 1357 2522 Ac
1368 2465 1443 2522 sicut
1456 2481 1513 2522 nos
1524 2464 1671 2537 gallorum
1682 2467 1844 2524 canoribus
1861 2467 1899 2523 ad
1913 2483 1979 2524 rna-

266 2555 372 2615 silebit.
383 2554 414 2611 P.
426 2556 549 2629 Species
568 2554 698 2613 decoris.
1147 2556 1234 2614 tutini
1245 2556 1372 2627 gratiam
1384 2570 1532 2630 provocas
1555 2570 1747 2627 consurgere,
1764 2560 1793 2613 et
1810 2556 1979 2632 prophetali

302 2644 489 2716 antiplona.
503 2643 629 2704 Alleluia
644 2661 651 2701 ε
667 2647 848 2705 annunciate
862 2648 956 2705 Deum
978 2648 1010 2704 in
1029 2648 1095 2704 nni·
1148 2642 1288 2702 vaticinio
1297 2642 1328 2700 in
1337 2644 1573 2716 lncemgentinm
1583 2646 1978 2719 unicmredemptionisproe-

267 2750 354 2795 versa
365 2741 454 2793 terra.
467 2735 497 2792 P.
522 2735 645 2801 Exultat,
668 2740 697 2793 ιι
718 2736 821 2794 laudet
840 2737 984 2795 habitatio
1012 2737 1093 2795 Sion.
1149 2731 1426 2799 nuncias;itanunc
1436 2732 1650 2804 navigantibus
1658 2732 1860 2792 nobisintuitu
1874 2749 1979 2808 super-

266 2826 297 2883 P.
310 2824 385 2891 Quia
398 2824 429 2881 in
444 2824 544 2881 medio
559 2826 624 2897 ejus
638 2826 734 2883 veniet
747 2827 872 2884 Sanctus
885 2825 987 2885 lsrael.
1006 2829 1036 2882 P.
1062 2830 1096 2884 nt
1148 2837 1189 2879 no
1204 2822 1326 2878 adsiste.
1343 2821 1399 2889 Sic,
1415 2836 1601 2895 quesumus,
1618 2820 1780 2880 famulatus
1793 2823 1885 2880 nostri
1906 2828 1979 2881 vota

268 2913 388 2971 exultet.
402 2912 510 2978 Gloria,
526 2918 553 2969 et
568 2913 666 2971 honor
687 2914 774 2972 Patri.
792 2916 821 2970 P.
839 2917 914 2983 Quia
932 2916 963 2971 in
982 2917 1094 2974 medio.
1149 2912 1305 2984 suscipias,
1321 2913 1352 2967 ut
1366 2909 1512 2968 adlucem
1524 2910 1691 2968 abundanti
1703 2926 1759 2969 nos
1771 2912 1979 2970 misericordia

302 2999 418 3056 Laudo.
434 3002 657 3070 cognoscamus
672 3001 794 3059 interra
817 3004 899 3060 viam
920 3008 1014 3071 tuam,
1039 3007 1094 3062 Do·
1149 2998 1337 3058 sublevando
1351 2999 1508 3073 perducas.
1523 3010 1555 3070 ιι.
1569 3002 1675 3057 Amen.

269 3085 350 3141 mine
366 3082 521 3142 :alleluiar
532 3085 1094 3158 lnomnihusgenlibnssalutaretuum.
1115 3125 1136 3182 C
1185 3093 1238 3147 Per
1250 3089 1491 3146 misericordiam
1506 3093 1589 3146 tuam
1609 3093 1687 3147 Deus
1702 3094 1815 3161 noster,
1829 3095 1885 3148 etc.

269 3169 406 3240 Alleluia,
419 3171 548 3230 alleluia.
565 3173 876 3234 transmiseram
889 3179 994 3250 nostri,
1008 3183 1037 3238 ct
1047 3180 1099 3238 be·
1188 3179 1243 3251 27
1260 3179 1437 3249 Antiphone
1450 3193 1541 3249 super
1550 3180 1693 3250 psalmos.
1706 3179 1806 3236 Gloria
1816 3195 1883 3238 mea
1899 3181 1978 3237 Deus

270 3260 482 3320 nedicatnobis
494 3279 501 3319 :
514 3261 660 3320 illuminet
670 3263 785 3321 vultum
796 3281 885 3323 suum
895 3283 1058 3341 supernos,
1070 3274 1098 3327 et
1151 3281 1247 3334 mens,
1262 3270 1290 3324 et
1309 3265 1443 3323 exaltans
1457 3268 1815 3340 1ιιιιιιιιιιιιιιιιιΡιιιιιιιιιι
1828 3283 1870 3327 nr.

268 3350 445 3408 misereatur
458 3350 553 3408 nobis.
568 3351 598 3407 P.
612 3353 798 3411 {nomnibus
811 3357 961 3426 gentibus.
979 3358 1012 3419 tt.
1029 3359 1098 3417 Glo-
1186 3354 1374 3427 antiplona.
1386 3355 1878 3428 Tibisolipeccavi:miscreremei,
1889 3359 1978 3414 Deus.

268 3441 314 3498 ria
325 3445 354 3497 et
365 3437 462 3496 bonor
471 3439 557 3498 Patri.
571 3439 603 3496 P.
619 3443 651 3497 ln
668 3442 810 3500 omnibus
823 3446 973 3516 gentibus,
1150 3447 1288 3503 Psalmas
1303 3463 1328 3501 ι.

305 3529 454 3599 Hymnus.
469 3527 577 3586 christi
595 3533 715 3589 caterva
729 3528 872 3592 clamitet.
892 3536 1091 3608 supplicatio.
1186 3534 1371 3606 Antiphone.
1397 3533 1530 3592 ltiserere
1545 3533 1614 3601 mei,
1631 3537 1719 3607 Deus,
1737 3534 1953 3594 misereremei
1970 3554 1978 3594 r

271 3618 396 3674 Dremns
409 3616 639 3689 Redemptorem
652 3619 768 3676 mundi.
785 3623 913 3694 Reqatre
929 3625 985 3696 sol.
1001 3629 1027 3681 2.
1151 3623 1297 3698 qnoniam
1313 3624 1343 3682 in
1357 3628 1385 3681 te
1408 3623 1533 3682 confidit
1548 3625 1649 3682 anima
1670 3640 1750 3683 mea.
1768 3627 1905 3684 Psalmus
1920 3643 1977 3684 rvr.

306 3705 404 3778 llyrie,
418 3704 530 3764 eleison
546 3724 553 3764 ι
568 3707 691 3780 Christe,
708 3707 821 3768 eleison
835 3730 841 3768 :
857 3712 957 3786 llyrie,
973 3714 1095 3776 eleison,
1187 3713 1300 3771 Oratio.
1315 3711 1441 3770 Domine
1454 3713 1543 3780 Deus,
1557 3713 1639 3786 apud
1653 3729 1744 3788 quern
1758 3719 1804 3771 est
1817 3714 1885 3771 inus
1896 3715 1976 3788 vitae,

308 3793 616 3868 capitulariumina,
630 3796 766 3869 Domine,
777 3799 894 3857 vultum
907 3806 991 3858 tuum
1005 3819 1098 3877 snper
1151 3801 1219 3860 etin
1232 3803 1318 3874 cujus
1329 3801 1441 3859 lumine
1449 3801 1633 3873 adspicimus
1644 3802 1745 3859 lumen
1753 3821 1762 3875 3
1774 3804 1871 3859 enutri
1878 3803 1908 3859 in
1918 3818 1976 3860 nos

270 3887 370 3954 nos,ct
378 3883 708 3943 benedictionemtuam
716 3887 845 3946 ubertim
852 3891 961 3948 nostris
971 3891 1096 3950 infunde
1151 3895 1209 3948 turc
1222 3891 1351 3947 scientim
1359 3889 1549 3964 splendorem
1565 3896 1616 3947 :ut
1626 3890 1794 3947 sitientibus
1805 3891 1977 3949 nobisvita-

270 3971 440 4046 pectoribus
454 3990 462 4030 ι
477 3989 538 4047 quo
556 3973 649 4032 corde
660 3979 764 4033 nostra
777 3977 852 4034 lucis
875 3983 935 4036 tum
949 3979 1096 4039 hilaritate
1149 3979 1208 4038 lem
1222 3979 1376 4056 impartias
1384 3984 1501 4052 potum,
1509 3984 1536 4036 et
1544 3980 1737 4054 caligantium
1745 3981 1916 4039 animarum
1930 3999 1976 4038 su·

270 4060 518 4136 perlusatuamin
528 4061 612 4120 terris
625 4062 963 4137 valeantrecognosccre
974 4069 1098 4141 viem,et
1150 4085 1245 4144 perne
1256 4069 1369 4126 lumine
1381 4068 1516 4126 restituas
1528 4069 1719 4127 intellectum.
1733 4081 1765 4141 ιι.
1781 4074 1887 4129 amen.

271 4150 413 4210 omnibus
432 4149 576 4224 singulari
598 4151 735 4222 mathus
754 4150 824 4210 fidei
846 4170 938 4213 sacrm
960 4157 1096 4215 laetentur
1185 4160 1239 4214 Per
1254 4157 1490 4214 misericordiam
1510 4162 1603 4226 tuam,
1620 4162 1677 4217 etc.

271 4240 388 4298 notitia.
1184 4245 1975 4319 lnttplonar.iteinsutaesxpeetam,dicitneminas,
2047 4278 2048 4287 ,

306 4328 392 4383 Pater
405 4329 516 4384 noster.
531 4329 574 4384 Et.
959 4385 962 4390 .
1150 4338 1178 4392 et
1191 4333 1350 4390 brachium
1360 4335 1670 4394 meumsustinebnnt.
1684 4337 1720 4392 P.
1734 4337 1809 4403 Quia
1825 4335 1977 4408 judicium

307 4412 432 4470 liberati
446 4415 568 4485 amalo,
583 4416 752 4474 confirmati
764 4433 884 4494 semper
896 4419 928 4476 in
941 4418 1031 4491 bono,
1042 4423 1095 4482 tibi
1149 4437 1251 4479 meum
1261 4421 1292 4477 in
1301 4422 1398 4478 lucem
1409 4423 1591 4494 populorum
1602 4423 1768 4499 apparebit.
1779 4422 1810 4487 t.
1819 4424 1896 4481 Deus
1905 4424 1979 4481 deo·

271 4501 380 4558 servire
392 4504 628 4561 mereamnrDeo
640 4519 675 4560 ae
687 4505 929 4565 Dominonostro.
942 4509 1031 4577 Pone,
1039 4513 1094 4570 Do-
1148 4525 1216 4568 rum
1227 4509 1373 4566 Dominus
1384 4509 1502 4566 locutus
1515 4516 1570 4584 est,
1591 4517 1619 4569 et
1632 4513 1750 4570 vocavit
1761 4517 1881 4570 terram.
1897 4512 1931 4570 P.
1943 4515 1978 4571 Et
2046 4520 2047 4523 ’

271 4589 363 4656 mine,
374 4589 467 4646 finem
486 4589 617 4662 peccatis
630 4593 739 4650 nostris
750 4610 756 4650 :
766 4593 806 4652 da
819 4595 1095 4666 gaudinmtribula·
1147 4597 1315 4657 brachium.
1331 4598 1363 4660 tt.
1377 4598 1485 4666 Gloria,
1506 4603 1534 4658 ct
1551 4601 1648 4660 honor
1665 4601 1754 4672 Patri,
1774 4605 1831 4660 etc.
1848 4603 1884 4661 P.
1899 4601 1978 4668 Quia

270 4679 309 4737 tis
325 4697 332 4736 :
349 4678 450 4753 praebe
463 4679 700 4752 redemptionem
715 4683 838 4758 captivis
853 4685 1029 4744 :sanitatem
1048 4688 1094 4745 in-
1146 4687 1292 4763 judicium
1308 4704 1422 4745 meum.

270 4766 365 4824 firmis
379 4767 591 4842 :requiemque
601 4768 748 4828 defunctis
766 4789 772 4828 :
789 4773 919 4832 concede
933 4791 1050 4848 pacem,
1065 4782 1095 4835 et
1184 4777 1299 4836 Oratio.
1316 4777 1628 4850 UnigenitePiliusDei
1640 4779 1745 4848 Patris,
1760 4795 1852 4854 quem
1865 4779 1977 4837 insulae
2045 4804 2046 4813 ι

272 4856 459 4914 securitatem
470 4857 502 4913 in
512 4857 653 4916 omnibns
662 4858 769 4917 diebus
784 4862 892 4918 nostris
908 4863 1093 4936 :irangeau-
1148 4870 1312 4939 expectant,
1327 4870 1356 4924 ιι
1372 4868 1528 4926 brachium
1541 4869 1721 4927 tortitudinis
1739 4874 1797 4927 tuae
1812 4869 1899 4945 plebs
1920 4869 1976 4926 ad·

271 4938 390 5040 daciam
404 4943 596 5004 inimicorum
607 4951 779 5007 nostrorum
796 4950 1093 5025 :exuudi,Deus,ora-
1147 4953 1257 5030 quisita
1274 4954 1417 5026 sustinet;
1432 4961 1459 5014 ιι
1471 4974 1648 5031 quaesumus
1662 4963 1690 5015 et
1701 4974 1856 5031 rogamus,
1873 4963 1906 5015 ul
1916 4973 1976 5014 nos

270 5031 382 5087 tionem
388 5047 543 5092 servorum
549 5037 668 5093 tuorum
677 5037 808 5095 omnium
817 5038 948 5096 fidelium
956 5041 1093 5102 christia·
1146 5053 1319 5118 peccatores
1334 5047 1428 5105 iacias
1438 5063 1557 5121 semper
1567 5065 1631 5105 esse
1641 5049 1746 5107 beatos
1760 5068 1768 5106 ε
1782 5057 1823 5117 ut,
1835 5065 1905 5107 cum
1915 5048 1978 5106 Ad·
2044 5036 2045 5059 ¹

268 5131 379 5176 norum
393 5117 425 5176 in
443 5121 501 5178 boc
512 5121 560 5178 die
575 5128 602 5180 ιι
614 5124 645 5181 in
659 5128 741 5181 omni
758 5130 891 5200 tempore
905 5146 912 5186 ι
928 5143 982 5201 per
995 5131 1093 5192 Domi·
1146 5139 1252 5196 ventus
1267 5138 1308 5194 tui
1322 5138 1491 5209 apparuerit
1504 5137 1609 5208 gloria,
1625 5154 1686 5196 non
1701 5137 1977 5198 confundamurvi·

268 5211 975 5286 numncstrnmlesumchristumFiliumtuum,
988 5219 1092 5294 quite·
1145 5223 1248 5280 dentes
1267 5224 1376 5283 faciem
1393 5231 1485 5282 tuam.
1508 5237 1543 5295 ιι.
1566 5231 1670 5284 Amen.

268 5308 339 5352 cum
353 5296 434 5363 vivit,
452 5300 481 5355 ct
492 5304 598 5371 regnat
609 5300 640 5357 in
651 5302 764 5360 unitate
776 5305 1005 5378 Spiritussancti
1014 5310 1092 5366 Dens
1181 5315 1234 5369 Per
1247 5313 1485 5371 misericordiam
1500 5319 1592 5378 tuam,
1607 5321 1661 5373 etc.

266 5396 322 5454 per
333 5386 435 5445 omnia
448 5401 566 5462 semper
580 5389 688 5448 saecula
701 5393 889 5451 saeculorum.
906 5407 937 5468 ιι.
952 5400 1056 5456 amen.
1181 5401 1391 5471 arelatense.
1400 5401 1910 5477 Timehunt,quiaboecidentesnnt
1919 5420 1977 5463 no

303 5473 393 5533 Dicet
400 5475 790 5549 Presbyterllumiliatevos
796 5482 835 5540 ad
842 5482 1092 5545 benedictionem.
1146 5502 1217 5545 men
1226 5489 1344 5548 Domini
1356 5507 1364 5559 ;
1374 5493 1412 5556 et,
1427 5490 1480 5564 qui
1490 5491 1604 5549 abortu
1616 5492 1697 5561 solis,
1708 5492 1835 5564 gloriam
1845 5493 1922 5564 eiua.
1935 5495 1977 5552 P.
2042 5530 2043 5535 .

303 5558 447 5622 Dominus
459 5563 497 5624 sit
510 5581 627 5640 semper
634 5568 800 5628 vobiscum.
816 5581 849 5642 ιι.
864 5573 898 5630 nt
909 5587 989 5632 cum.
1147 5575 1350 5645 cumvenerit,
1361 5579 1449 5652 qnasi
1459 5577 1568 5636 fluvius
1578 5579 1736 5654 violentus,
1747 5597 1838 5655 quem
1849 5581 1975 5655 spiritus
