4117 6175
249 210 317 271 1207
877 194 1105 258 Busvtsnlult
1124 191 1326 255 oonfflouu.
1882 196 1948 253 11118

234 328 532 409 ,pietaledpostolum
539 340 628 385 snum
635 322 803 383 llstlhaeuu
810 322 1031 395 Evangeiistam
1038 337 1073 382 er
1088 322 1113 380 Α
1128 320 1276 393 mus,ojus
1283 320 1422 393 preeibus
1449 324 1589 378 exoratus
1613 318 1645 377 in
1663 318 1870 381 miserirordia
1888 320 1950 399 pla·

247 420 411 496 publicano
423 418 491 475 leoit
506 414 675 477 mirilioum,
693 427 749 469 uos
770 411 807 468 de
828 411 961 469 adversis
983 410 1074 471 ieoial
1128 411 1221 469 eitum
1229 411 1432 473 inveniamus.
1449 422 1486 481 te.
1504 411 1612 471 emen.

249 522 368 582 semper
381 505 537 564 vietmiam
554 500 717 577 promereri
736 517 742 554 z
758 512 793 573 rt.
803 501 908 559 Amen.
925 502 969 565 ut,
984 500 1075 574 quill·
1164 501 1218 557 Per
1229 499 1476 563 misericordium.

248 589 861 665 lumeraltssitsooationepromptissima,
873 589 913 646 ab
924 588 1076 646 omninos
1164 589 1397 659 sommarium.
1409 591 1550 661 Egosum
1568 587 1811 660 lumleianum.

250 676 1075 751 mundanisconversationisdiguetureruereoontagio=
1165 676 1278 737 Oratio.
1303 678 1391 746 Deus,
1402 678 1490 751 eujus
1513 677 1612 735 honor
1625 679 1769 736 sanctitas
1782 681 1839 748 est,
1867 695 1948 753 quem

251 787 285 848 u.
304 780 409 833 Amen.
423 775 466 841 Et,
480 771 532 845 qui
551 785 624 827 soce
639 766 859 843 predicationis
880 771 910 825 et
922 765 1077 840 apostola·
1129 765 1252 839 diligere
1263 766 1346 824 salus
1357 770 1414 838 est,
1428 771 1457 825 et
1471 781 1573 825 amare
1598 766 1760 840 perfeetio;
1775 766 1910 826 inlabere
1922 770 1949 825 in
2042 823 2043 838 ,

252 868 300 923 tus
315 860 505 935 gratiaillum
515 858 619 919 ditavit
632 858 663 916 in
672 856 799 925 mundo,
812 871 869 915 nos
879 854 1077 930 spiritualium
1129 854 1388 939 eordibusuoslris
1402 871 1410 913 ε
1425 855 1466 913 da
1478 854 1801 917 inomnilloolesiatua
1813 858 1951 929 martyris
2042 887 2043 912 t

252 950 433 1025 gaudiorum
443 947 599 1007 muuifloet
609 946 803 1005 incremento.
820 956 855 1018 rt.
873 949 978 1003 Amen.
1131 943 1304 1005 tuillatthssi
1316 944 1795 1019 Apostolietllvangslistaluosre
1807 945 1950 1017 vestigia;
2042 945 2043 990 1

286 1036 606 1097 Permiserioordiam.
1130 1032 1954 1108 uttaregentsomuiusngrsssus,sanosuapsrdueat
2042 1025 2043 1090 ζ

287 1128 401 1186 londo
413 1126 541 1197 Diligam
551 1140 622 1182 eum
632 1139 669 1181 ex
680 1121 840 1183 totocorde
850 1136 928 1193 meo,
945 1120 1080 1179 dieitllo·
1132 1122 1359 1199 adultamque
1368 1126 1527 1197 llartyrem
1539 1128 1625 1183 tuum
1639 1122 1790 1183 extulited
1799 1138 1952 1183 eoronam.
2042 1185 2043 1238 1

251 1217 371 1285 minus;
386 1219 417 1275 P.
433 1217 466 1273 Et
476 1214 530 1273 erit
540 1213 616 1285 siout
628 1228 679 1270 roe
689 1210 797 1279 lsrael;
814 1209 992 1282 germinabit
1003 1210 1080 1268 siout
1131 1222 1165 1286 tt.
1181 1212 1285 1270 Amen.

251 1305 348 1365 lilium
363 1310 390 1363 st
399 1302 527 1363 florebit.
542 1301 676 1368 Alleluia,
692 1300 820 1365 alleluia,
833 1298 864 1361 1.
880 1297 916 1355 Et
933 1298 988 1355 erit
1002 1302 1079 1356 tam·
1362 1299 1495 1375 [oerore]
1513 1302 1551 1357 In
1567 1300 1728 1359 laeditur.

253 1409 344 1469 quam
358 1393 485 1465 lignum,
502 1390 583 1465 quod
594 1389 763 1463 plantatum
776 1391 821 1445 est
836 1401 922 1445 seeus
934 1386 1081 1444 deoursus
1168 1389 1213 1446 Ad
1223 1388 1956 1463 coelicam.lntipltoao.lusolusDominus,quia
2042 1387 2043 1392 ’

253 1474 1080 1556 aquarumquodlruotumsuumdabitintemporesue.
1133 1492 1196 1537 nou
1210 1480 1257 1536 est
1270 1476 1363 1548 alius;
1376 1491 1474 1551 aeque
1485 1479 1586 1537 lustra
1599 1481 1708 1552 praeter
1721 1482 1760 1543 ta.
1778 1492 1878 1553 usque
1889 1492 1957 1537 sau·

253 1572 286 1629 P.
296 1572 330 1627 at
342 1568 397 1627 erit
406 1568 490 1625 siout.
504 1566 536 1629 1.
552 1564 660 1638 Gloria,
678 1569 707 1623 et
720 1562 826 1623 honor.
841 1566 872 1622 P.
886 1564 998 1622 sterit.
1135 1570 1200 1627 otus
1218 1568 1434 1641 preteream
1447 1570 1594 1627 nostrum.

290 1655 404 1715 oratio.
427 1658 510 1714 liena
530 1654 630 1722 nobis,
655 1652 791 1720 Domine,
815 1652 1004 1727 sapientiam,
1026 1668 1120 1729 psrg
1172 1656 1342 1715 cantuum.
1362 1654 1578 1717 confirmatum
1592 1659 1637 1713 est
1650 1670 1711 1713 eor.

254 1760 348 1820 quam
369 1747 398 1802 et
416 1742 594 1817 insipientia
613 1746 723 1801 nostras
743 1740 864 1813 ignovia
877 1739 1038 1809 auferatur,
1054 1743 1083 1798 et
1171 1744 1221 1802 ild
1234 1743 1415 1802 resedens.
1428 1744 1612 1815 Antiphone.
1638 1742 1808 1801 Benedictio
1827 1743 1955 1801 Domini.
2042 1769 2043 1782 ¹

252 1832 446 1897 beatitudinis
457 1832 552 1904 gloria
561 1830 753 1891 conferatur:
768 1834 810 1902 ut,
826 1830 900 1887 dum
915 1833 1081 1903 martyrem
1136 1833 1306 1893 canticum.
1327 1831 1502 1893 Benedictus
1513 1849 1556 1889 es.
1570 1832 1625 1903 sol.
1639 1833 1669 1889 6.

253 1916 1082 1994 tuumlletthnumlpostolumetEvangelistamdecoris
1171 1923 1261 1981 Seno.
1280 1920 1394 1995 septas
1404 1920 1502 1978 indie.
1515 1919 1632 1986 Laudo,
1642 1919 1774 1978 Laudato
1786 1920 1956 1979 Dominam

255 2010 332 2069 stole
345 2006 526 2091 circumdas,
541 2008 573 2067 iu
593 2008 682 2068 nobis
695 2006 907 2065 indumentum
927 2006 1081 2079 Baptismi,
1133 2011 1191 2084 sot.
1205 2027 1269 2069 oux.
1284 2010 1367 2068 Prot.
1384 2024 1498 2069 oxsvrn.
1511 2009 1685 2081 Proposito.
1707 2010 1810 2069 iustus
1823 2010 1851 2067 si
1866 2013 1959 2069 morte

253 2098 337 2174 quod
361 2099 517 2173 peooando
541 2097 714 2172 polluimus,
738 2094 846 2155 eodem
870 2094 1081 2165 intercedente,
1135 2102 1372 2175 preoccupatus.
1386 2098 1444 2169 sot.
1464 2102 1508 2157 55.
1696 2159 1698 2162 ,

253 2186 397 2263 propitius
409 2185 516 2244 abluas
530 2203 536 2242 :
551 2190 590 2257 et,
603 2201 672 2243 eum
691 2188 815 2242 sanetus
830 2181 881 2241 ills
892 2184 1001 2256 llertyr
1013 2185 1083 2241 tuus
1476 2188 1615 2259 Hymnus.

253 2279 413 2335 eoronetur
426 2273 459 2332 in
477 2272 555 2331 vasis
574 2273 725 2335 uirtutum.
742 2285 799 2333 uos
812 2270 969 2344 expiamur
982 2286 1000 2329 a
1012 2285 1083 2330 oon·
1244 2273 1491 2336 solemnerutitat
1503 2291 1539 2335 aa
1557 2276 1726 2336 venerabile

254 2362 727 2438 togiopeoeaminum.rt.lmen.
1206 2368 1291 2423 Nune
1301 2366 1430 2426 festum:
1446 2365 1562 2439 Populi,
1576 2370 1697 2440 pectora
1710 2366 1855 2440 pandite:

289 2453 354 2515 Per.
1205 2453 1323 2512 Coelesti
1331 2455 1459 2514 Domino
1468 2468 1596 2513 munera
1606 2453 1722 2523 solvite,

540 2540 798 2603 Adllotutinum.
1313 2542 1655 2617 Etgratsspiereddite.

288 2633 469 2707 antiplona.
486 2630 588 2699 lubia.
604 2632 743 2691 Psalmos
766 2648 790 2687 r..
807 2627 918 2689 oratio
936 2626 1081 2689 exultent.
1243 2630 1359 2691 Eleotus
1372 2630 1491 2691 Domini
1507 2646 1641 2705 namque
1655 2630 1819 2705 discipulus

253 2722 331 2797 solio
346 2738 449 2782 eurr.
1208 2719 1361 2779 lletlhmus
1376 2719 1798 2793 voeatueuimisetiuelytns,

289 2810 650 2885 Antiptonoltloronnm
661 2808 763 2881 gloria
772 2821 883 2881 ponam
894 2820 987 2879 super
994 2809 1085 2881 eaput
1208 2807 1356 2867 colendus
1368 2807 1488 2882 populis
1500 2807 1585 2867 affuit
1602 2808 1770 2868 omuibuss

254 2902 331 2974 eJ'us,
345 2902 416 2960 dioit
429 2900 574 2957 Dominus
587 2916 594 2966 ;
605 2904 633 2957 st
648 2897 776 2955 induam
790 2896 876 2952 illum
896 2896 1006 2954 stolam
1015 2911 1087 2954 ean·
1317 2897 1429 2956 Clarste
1445 2897 1523 2956 bene
1533 2897 1678 2957 moribus.

255 2988 361 3046 didam
376 3004 383 3045 :
398 2989 432 3044 P.
441 2986 518 3053 Quia
534 2984 664 3051 servavit
673 2983 818 3043 mandata
827 2998 907 3049 mea,
922 2989 951 3041 et
964 2988 1120 3074 propterc
1246 2987 1298 3043 llio
1311 2985 1417 3045 Christi
1429 2987 1538 3054 sosius,
1549 2986 1647 3045 taetus
1655 2987 1824 3061 Apostolus,

256 3089 371 3134 nomen
385 3089 488 3132 meum
503 3072 619 3132 stlusus
634 3076 678 3130 est
692 3071 895 3144 sanguisejus
909 3072 941 3129 in
953 3077 1041 3132 terra.
1053 3073 1085 3136 lt.
1212 3077 1267 3135 Dat
1283 3080 1387 3135 saneta
1396 3075 1517 3151 populis
1530 3091 1659 3137 munera
1671 3075 1773 3136 litteris
1781 3092 1789 3146 ;

255 3165 290 3228 ut
304 3162 412 3222 ueritas
424 3177 493 3221 mee
503 3160 826 3227 etmissrioordiamea
837 3163 982 3235 cumipse
997 3168 1045 3222 :et
1055 3163 1087 3222 iu
1212 3169 1245 3224 Et
1256 3167 1356 3228 elarus
1369 3182 1459 3240 opere
1472 3165 1574 3225 floruit
1583 3166 1699 3224 otheri·

254 3252 379 3314 nomine
391 3265 460 3310 meo
470 3248 647 3310 exaltentur
654 3265 749 3310 ooruu
759 3249 825 3322 ejus
840 3269 846 3311 :
862 3252 893 3308 P.
906 3251 940 3309 ut
953 3254 1085 3326 propter.
1321 3255 1486 3314 osteudens
1496 3254 1581 3315 boue
1591 3254 1713 3315 meritis.

254 3342 288 3407 1.
304 3341 412 3412 Gloria,
428 3343 457 3400 et
467 3341 571 3406 honor.
590 3340 621 3399 P.
634 3342 667 3397 ut
676 3343 808 3413 propter.
1250 3344 1372 3406 cluens
1387 3343 1494 3404 oilleiis
1508 3343 1564 3402 iste
1578 3343 1706 3402 Dsifioua

293 3432 406 3491 Oratio.
421 3430 465 3488 lia
474 3429 574 3500 nobis,
586 3435 621 3487 ut
638 3429 688 3488 itio
702 3443 806 3499 supro.
1211 3433 1332 3492 videtur
1352 3432 1441 3506 regiis
1451 3432 1587 3507 imperiis
1602 3433 1680 3492 neus

291 3520 466 3592 Antiphone
480 3523 507 3575 2.
525 3516 685 3578 coronavit
696 3532 767 3576 eum
782 3516 936 3586 Dominus,
951 3520 980 3575 et
992 3517 1087 3577 bene·
1212 3527 1244 3580 ln
1258 3521 1374 3584 mundo
1385 3522 1503 3596 positus
1518 3519 1616 3580 oelsns
1632 3519 1820 3588 hominibust

256 3609 341 3680 dixit,
364 3611 393 3667 et
406 3607 507 3666 dilexit
521 3606 617 3674 illum,
637 3610 669 3664 P.
692 3607 727 3664 111
742 3620 831 3679 supra
850 3605 946 3664 multa
959 3622 1087 3667 munera
1318 3614 1354 3668 Ul
1367 3611 1459 3669 vitam
1472 3611 1559 3670 daret
1568 3610 1723 3669 omnibus.

256 3698 415 3758 eonstituet
426 3695 521 3756 illum.
535 3695 567 3762 lt.
579 3694 636 3764 Qui
659 3693 825 3766 ingreditur
835 3693 899 3751 sine
909 3695 1040 3763 mesula,
1057 3701 1087 3755 st
1246 3704 1324 3760 llum
1338 3699 1476 3760 membra
1489 3699 1602 3759 relevat
1615 3699 1663 3757 hie
1675 3698 1820 3773 puerilist

257 3791 401 3864 operetur
411 3786 557 3861 justitium
568 3801 575 3842 ε
588 3785 641 3858 qui
649 3783 781 3858 loquitur
789 3783 945 3841 veritatem
954 3783 985 3841 in
996 3784 1086 3844 eorde
1212 3791 1387 3849 Gubernans
1399 3789 1508 3848 dieitur
1518 3792 1626 3848 ennete
1633 3787 1776 3862 potitare:

257 3892 323 3936 suo.
336 3878 366 3934 P.
385 3877 419 3934 st
441 3888 543 3950 supra.
558 3872 590 3939 lt.
605 3871 714 3938 Gloria,
729 3879 757 3930 et
776 3871 874 3932 honor
891 3873 978 3930 Petri.
1003 3874 1038 3933 P.
1053 3875 1087 3932 st
1211 3879 1355 3938 ttexdere
1365 3877 1502 3951 itlijubet
1514 3877 1592 3936 illiso
1605 3891 1734 3935 munera

257 3982 362 4044 supra.
1316 3965 1677 4040 Admiranssibiplaoits.

293 4053 633 4118 Oratio.AEteruumlusu
644 4050 1087 4126 virtutisdomonomuipotens
1246 4055 1303 4114 Sed
1318 4056 1445 4114 Sanetus
1457 4054 1625 4128 negatlriue
1646 4069 1677 4112 ss
1688 4054 1750 4113 tore
1772 4069 1844 4113 mox
1857 4054 1958 4118 ileum

256 4147 346 4214 Deus,
361 4160 484 4203 oramus
498 4163 505 4201 ι
517 4146 550 4200 ut
561 4157 618 4200 nos
633 4139 774 4214 martyris
789 4140 831 4198 lui
853 4140 979 4199 llatthaei
993 4146 1087 4215 Apos-
1212 4147 1341 4218 seseque
1353 4144 1471 4203 intonet
1484 4143 1609 4202 omnino
1621 4142 1774 4200 servulum

257 4234 310 4294 toli
322 4236 352 4294 et
365 4231 567 4304 avangelista,
584 4233 612 4288 st
624 4229 761 4288 omnium
778 4229 955 4286 Sanctorum
969 4229 1085 4288 meritis
1212 4233 1343 4291 creantis
1355 4232 1514 4292 minimum
1527 4231 1625 4306 plebis
1633 4231 1812 4306 Apostolum

259 4323 367 4387 sooios.
393 4320 455 4378 lide
475 4334 573 4392 pares,
598 4316 757 4374 devotione
779 4320 926 4385 strenuos,
942 4317 1125 4415 passioneD
1316 4323 1478 4379 Tenentem
1490 4319 1781 4395 qaoqueaeeatnm.

258 4407 448 4477 eousimiles;
460 4410 491 4465 st
502 4406 535 4466 iu
551 4401 765 4464 resurreetione
781 4401 910 4461 felicium
929 4404 1025 4465 iaoias
1037 4423 1086 4467 oo·
1210 4407 1386 4468 Sodomam
1405 4408 1555 4482 sspieieus
1569 4412 1685 4466 terreus
1696 4406 1830 4481 despioit,

258 4496 383 4574 aquam
397 4508 430 4570 lt.
444 4501 549 4556 Amen.
1211 4501 1244 4556 Et
1257 4497 1339 4556 eelsa
1351 4511 1497 4556 resonans
1510 4493 1616 4554 infima
1626 4496 1740 4570 respuit
1754 4511 1762 4552 r

293 4586 464 4660 Antiphone
478 4589 505 4644 ³.
522 4587 677 4646 Certamen
686 4583 802 4642 bonum
825 4585 948 4652 oertevi,
959 4599 1085 4646 eorsum
1208 4584 1517 4659 Temnsuspestitera,
1530 4583 1692 4656 magnilica
1706 4583 1828 4658 appetit,

257 4675 484 4740 oonsummavi:
497 4674 579 4732 P.l)e
588 4676 686 4731 oetaeo
696 4671 880 4746 repositesst
889 4673 963 4732 mihi
972 4673 1085 4734 corona
1315 4675 1349 4731 nt
1363 4673 1478 4731 Christo
1495 4677 1561 4733 rata
1570 4673 1713 4744 suggerit.

254 4766 395 4844 justilia3
406 4765 439 4830 1.
455 4764 531 4834 ouis
545 4762 690 4824 custodivi
699 4761 763 4824 vies
779 4759 908 4829 Domini,
922 4777 979 4820 neo
991 4763 1084 4838 impis
1245 4761 1356 4820 Pudioa
1369 4762 1495 4837 oupious
1506 4760 1782 4835 optimapraedioat,

256 4855 370 4932 gessia
388 4857 449 4915 Deo
464 4869 544 4914 meo.
566 4852 599 4912 P.
615 4851 656 4912 lle
672 4850 829 4913 esteroi.
850 4849 958 4923 Gloria,
979 4855 1009 4910 st
1026 4853 1085 4912 ho-
1209 4850 1368 4910 EtChristo
1383 4849 1508 4908 Domino
1518 4851 1560 4908 sie
1580 4851 1628 4924 pie
1642 4849 1806 4923 mansipat,

257 4961 325 5005 nor.
339 4946 370 5004 P.
386 4944 551 5003 Deeeoero.
1210 4938 1482 5007 Quasilliiemulas
1497 4940 1733 5002 anteanoverat

295 5033 406 5092 omtio.
422 5033 501 5090 Deus
513 5032 660 5089 immense
673 5027 849 5104 etgloriose,
859 5042 951 5102 quem
965 5027 996 5086 iu
1009 5042 1085 5102 pas·
1315 5026 1357 5085 llo
1371 5027 1502 5102 votapia
1514 5025 1662 5086 cumulat.

255 5121 389 5182 sionibus
408 5121 570 5194 llartyrum
584 5118 720 5186 oolimus,
732 5117 761 5175 iu
774 5119 933 5175 Beatorum
943 5115 1086 5176 solemni·
1140 5166 1152 5178 .
1246 5115 1557 5183 Quisnoerdotiodum
1566 5113 1644 5172 bane
1658 5113 1801 5186 iungitur,

254 5211 367 5272 tatibus
380 5223 572 5282 veneramur,
584 5211 674 5282 atqus
691 5207 722 5264 lu
735 5205 950 5266 esrtsmiuibus
963 5206 1086 5266 vtuoen-
1209 5207 1345 5264 liuorone
1358 5203 1451 5277 gledii
1460 5202 1558 5261 subito
1572 5201 1687 5271 teritur,

253 5303 330 5362 tium
337 5297 557 5357 eoulsudamus
568 5295 688 5368 ;adesto
698 5293 837 5368 precibus
847 5295 1082 5371 supplioautium
1144 5330 1152 5365 2
1209 5299 1250 5353 ao
1262 5293 1372 5352 sanetis
1383 5293 1503 5368 populls
1511 5291 1773 5365 sethereJ'ungitur,

253 5391 423 5449 interventu
434 5386 574 5461 martyris
590 5384 634 5444 tui
652 5383 779 5444 llatthoei
793 5383 924 5458 Apostoli
947 5385 1084 5443 etlivan·
1315 5385 1349 5442 ut
1366 5382 1442 5441 ossio
1456 5382 1524 5456 pius
1540 5381 1664 5442 inditur.

142 5469 145 5476 ’
254 5477 367 5552 genta
384 5493 394 5538 r
413 5479 456 5546 ut,
476 5475 531 5551 qui
554 5489 609 5550 pro
635 5470 775 5538 admissis
798 5471 957 5536 terribilem
970 5471 1083 5534 metui·
1241 5471 1296 5536 llio
1306 5471 1382 5541 telis,
1401 5487 1586 5546 mosomus,
1597 5469 1741 5536 conditor
1754 5465 1877 5550 toolyts,
