4117 6175
202 305 237 379 11
272 388 277 399 Ι
828 289 1057 371 aestuarunt
1078 280 1278 370 borurcuu.
1882 298 1919 372 ea

237 434 412 517 intimem
422 420 899 507 aconfortamini,pusillanimes:
912 435 1028 495 eonior·
1042 428 1068 489 Α
1082 441 1116 494 ut
1130 450 1253 507 gregem
1264 435 1369 512 populi
1384 438 1440 495 sui.
1455 438 1494 495 P.
1509 433 1644 494 Salvabit
1654 449 1710 491 nos
1723 434 1880 495 Dominus.

202 534 317 607 lamini,
334 536 363 589 et
373 528 463 588 nolite
473 525 592 584 timere:
603 538 671 583 eece
682 524 865 582 Deusvester
883 519 1028 581 ultionem
1118 524 1258 595 Gloriam
1270 526 1463 595 bonorPatri,
1480 530 1511 585 et
1521 522 1636 592 Filio,et
1659 523 1777 599 Spiritui
1793 513 1916 611 S'aneto·

201 606 324 682 adducit
338 614 550 677 retributionis.
563 614 605 671 P.
620 602 766 687 Deusips'e
781 610 1028 680 veniet,etsalvos
1117 614 1197 696 Siout
1207 619 1279 686 erat,
1297 622 1354 677 eto.

201 704 408 769 materiati.
426 699 794 774 Omnesgentes'plaudite
809 700 947 759 manibus
963 692 1028 774 :ju-
1116 693 1150 759 P.
1167 702 1302 763 salvabit
1312 721 1384 764 nos.
1433 760 1439 780 ‚
1567 770 1593 781 Ἡ
1686 772 1689 780 ,
1800 761 1804 767 .

200 798 292 859 bilate
308 788 367 852 ileo
380 791 493 873 tnlvooe
506 778 743 869 exultationisP.
753 792 825 848 ane
835 794 912 848 Deus
920 789 1026 857 vester,
1116 792 1354 852 Motutioarium.
1369 773 1548 876 Antiphone.
1565 772 1915 854 illuminastumirabilis

201 888 232 949 it.
244 884 353 950 Gloria,
369 885 398 940 ei
415 880 512 939 honor
522 874 611 950 Patri,
648 874 677 937 et
697 875 778 953 Filio,
801 883 858 938 ete.
888 864 927 937 P.
950 873 1028 936 lleus
1081 882 1265 941 amoutibus
1275 882 1535 963 animamarum
1544 877 1915 965 sumusomnesinsipien-

201 974 275 1049 ipse.
463 1042 466 1047 ¹
639 1039 643 1053 1
890 1041 906 1049 ..
1081 969 1274 1036 tesoorde.tt.
1288 975 1381 1031 Notus
1403 972 1436 1030 in
1459 969 1564 1049 tudae
1585 970 1718 1028 Deuszin
1744 967 1833 1030 lsrael
1847 990 1914 1033 ma·

239 1053 596 1133 Oratiosupermontem
603 1053 806 1114 Adventustui
818 1056 1028 1127 gaudiaevan·
1081 1071 1177 1132 gnum
1190 1060 1389 1133 nomenoius.
1405 1062 1437 1117 P.
1454 1059 1609 1123 illuminas
1619 1062 1650 1115 tu
1680 1058 1737 1132 14
1757 1049 1913 1121 mirabilis·

203 1152 363 1225 gelizautes
374 1144 655 1213 aseendimusdum
664 1146 695 1203 in
703 1144 859 1203 altitudine
869 1148 931 1214 tua,
949 1142 1029 1202 Chri·
1081 1145 1115 1211 11.
1135 1146 1244 1215 Gloria,
1260 1149 1396 1207 ethonor
1408 1148 1496 1207 Patri.
1507 1148 1544 1226 P.
1557 1147 1713 1205 illuminas
1735 1154 1776 1205 tu.
1842 1219 1846 1233 Ι

203 1248 257 1309 ste,
274 1240 325 1297 liei
341 1236 441 1304 Filius,
456 1234 573 1293 laudati
587 1252 594 1303 ;
606 1250 651 1303 aa,
666 1250 735 1310 qum
749 1236 788 1292 de
807 1238 835 1319 te
848 1250 922 1291 vera
948 1236 1027 1299 sunt,
1104 1237 1913 1316 ,teumtaudatebomtnuminsanodsejosaltetuia,

203 1325 545 1387 oredimusetiatemur.
559 1320 778 1395 Oramuserg'o,
793 1326 834 1390 ut,
851 1322 903 1397 qai
917 1320 957 1401 ad
988 1321 1027 1379 ia·
1083 1322 1211 1383 alleluia.
1230 1326 1363 1385 Laudato
1373 1343 1444 1385 aum
1461 1325 1912 1401 infirmamentovirtutisejus,

202 1409 542 1487 elendumjudioiumes
568 1404 726 1481 venturus,
741 1426 797 1470 nos
820 1413 922 1485 expies
946 1407 1031 1469 tori·
1084 1407 1412 1475 alletuiaPsalmusci..
1667 1483 1670 1492 ‚
1827 1472 1832 1484 ,

201 1504 334 1563 minibus
348 1500 476 1583 nostris.
486 1502 592 1557 Amen.
1119 1503 1292 1574 Prophetis.
1308 1504 1370 1577 Fili,
1385 1505 1438 1579 qui
1451 1504 1535 1566 audit
1547 1520 1606 1575 me,
1621 1520 1684 1580 non
1702 1499 1911 1571 contundetur,

235 1597 288 1650 Per
309 1588 558 1656 misericordiam,
579 1592 634 1647 eto.
1083 1592 1214 1665 Require
1228 1599 1308 1651 retro
1319 1594 1375 1664 sot.
1389 1600 1417 1651 7.
1430 1594 1641 1670 Hymnusllox
1654 1592 1735 1651 alara
1747 1610 1815 1652 ecoe
1838 1592 1916 1652 luto·

234 1678 412 1751 Antiphone
425 1680 452 1735 3.
466 1680 541 1734 licoe
555 1692 611 1749 ego
620 1676 740 1735 mittam
749 1672 836 1735 vobis
847 1677 941 1735 liliam
962 1679 1030 1737 Pro·
1084 1682 1320 1758 deturparem
1341 1666 1474 1753 vesperis
1487 1681 1593 1753 iterio
1600 1682 1705 1753 [0112.
1718 1681 1913 1753 snpplicatio.

199 1758 368 1845 phetamP.
383 1764 553 1839 Antequam
567 1764 669 1823 veniat
680 1764 744 1823 dies
759 1764 878 1824 Domini
887 1778 1028 1836 magnus,
1045 1760 1068 1841 Β
1084 1767 1210 1829 oremus
1221 1768 1453 1844 Redemptorem
1473 1769 1580 1828 mundi
1597 1770 1759 1829 bominum
1777 1757 1915 1830 nostrum

198 1858 230 1923 p,
251 1847 443 1926 Auditabaeo,
458 1869 564 1911 omnes
584 1857 707 1927 gentes:
728 1855 853 1912 auribus
875 1854 1028 1931 percipite,
1083 1860 1188 1917 tasum
1202 1858 1361 1917 Christum.
1371 1859 1564 1933 acquireret.
1584 1862 1612 1916 2.

199 1944 248 2021 qui
257 1939 398 2003 habitatis
410 1942 524 2028 orbem.
535 1932 572 1999 P.
584 1946 752 2017 Antequam
770 1924 880 2002 ventat.
902 1942 933 2005 it.
967 1926 1031 2001 Glo-
1121 1948 1272 2018 Cupitum.
1282 1949 1408 2007 Domine
1421 1948 1575 2020 virtutum,
1595 1948 1746 2023 orationes
1758 1964 1915 2007 servorum

200 2035 288 2105 ria,et
298 2029 396 2091 honor
411 2029 501 2090 Patri.
516 2027 549 2088 P.
564 2033 745 2105 Antequam.
787 2102 791 2115 *
1084 2039 1205 2095 tuorum
1222 2036 1359 2111 placatus
1369 2031 1482 2111 accipe,
1498 2033 1770 2111 etquidnos‘orare
1785 2042 1913 2120 oportet,

238 2123 351 2181 Oratio.
367 2124 444 2178 lteus
461 2117 547 2177 Pater
564 2120 897 2197 omnipotensllequire
905 2122 983 2178 retro
998 2122 1030 2179 in
1084 2124 1760 2205 dignaremonstparezeosque{eternitatisoibo
1767 2123 1913 2200 oonio'rta,

202 2212 329 2282 vesperis
341 2202 573 2281 praecedentibus
588 2208 625 2265 de
642 2210 659 2264 1
672 2208 764 2279 serio,
776 2209 837 2280 sot.
871 2210 913 2267 tr.
1085 2205 1175 2290 quos
1192 2215 1259 2275 anis
1268 2214 1495 2290 lachrymarum
1505 2215 1675 2274 conturbata
1684 2209 1784 2276 ettam
1792 2213 1915 2294 misera-

237 2312 270 2373 ta.
287 2295 706 2357 Consolabiturnosiiominus
720 2281 799 2355 lieus
818 2300 929 2355 noster.
945 2286 978 2355 P.
999 2299 1032 2355 Et
1084 2297 1138 2361 bili
1158 2231 1229 2363 npetu
1236 2302 1358 2363 flumina
1365 2302 1591 2379 lachrymarum
1600 2283 1916 2383 ooulitiuanimtmise·

199 2386 337 2447 ostendet
346 2383 583 2443 misericordiam
594 2398 685 2457 super
696 2400 767 2446 nos:
782 2385 933 2443 nonenim
944 2384 1032 2469 dere·
1084 2391 1237 2450 rationum
1246 2390 1915 2466 tuarumcopiamcriminibuseiisisimplecta-

199 2477 315 2551 linquet
328 2489 386 2533 uos
405 2473 550 2530 iuflnem.
562 2470 594 2535 il.
615 2473 690 2530 ane
706 2472 850 2531 Dominus
873 2472 904 2531 in
931 2470 1032 2531 medlo
1085 2496 1169 2538 mur:
1185 2480 1297 2554 quique
1305 2480 1512 2555 Redemptoris
1523 2478 1617 2550 nostri
1638 2479 1809 2539 Adventum
1823 2473 1914 2558 pava·

199 2562 408 2629 nostrimet,
424 2561 580 2635 quasiros,
613 2559 728 2619 eisicul
751 2560 836 2619 stillae
859 2576 950 2635 super
966 2562 1033 2619 her
1086 2585 1166 2638 mus,
1186 2570 1251 2642 ejus
1265 2569 1429 2643 gloriosum
1442 2563 1636 2643 conspectum
1648 2568 1715 2644 ipso
1734 2570 1914 2631 adveniente

198 2654 281 2726 bam,
298 2656 399 2710 elnon
420 2650 561 2708 immittet
592 2650 670 2708 ultra
693 2650 825 2709 furorem
852 2664 960 2721 snum;
978 2650 1033 2709 sed
1085 2659 1315 2733 pacatissimum
1329 2658 1577 2733 contemplemur.

197 2738 371 2808 revertetur,
388 2743 417 2797 et
431 2737 621 2797 miserebitur
646 2738 746 2798 nobis.
769 2740 803 2797 P.
827 2732 861 2795 lit
884 2738 1030 2801 ostendet.
1120 2748 1205 2805 Pater
1213 2752 1326 2806 noster.

197 2828 230 2892 it.
246 2826 352 2897 Gloria,
380 2830 409 2887 et
439 2826 547 2887 honor.
576 2826 746 2885 Reiteretur
770 2838 803 2900 p.
824 2827 1031 2887 consolabitur
1119 2837 1239 2895 Amalo
1253 2834 1642 2909 nostibera.1leqm'resot.
1659 2842 1699 2895 10.

198 2920 267 2979 rios.
1119 2925 1234 2983 Laudo.
1245 2925 1324 2984 Deus
1340 2924 1499 2984 manifeste
1508 2922 1614 2983 reniet.
1623 2926 1682 2997 sot.
1695 2925 1910 2986 emendicato.

504 2997 541 3063 iri
556 3003 725 3065 Laudibus.
1083 3013 1264 3090 Redemptor
1277 3013 1579 3093 nostarettiominus.
1589 3015 1642 3090 fot.
1657 3020 1699 3075 tr.

141 3130 143 3134 .
235 3095 282 3157 id
298 3098 462 3159 canticam.
477 3080 793 3169 antiplonasatvabit
806 3093 862 3156 nos
884 3084 1028 3160 Dominus
1045 3117 1067 3197 C
1117 3104 1151 3163 ln
1164 3104 1287 3164 nomine
1302 3103 1431 3164 Domini.
1448 3116 1482 3178 131.
1505 3108 1564 3187 ileo
1576 3105 1697 3178 gratias

202 3187 389 3248 Deusnoster
400 3187 432 3244 in
444 3185 492 3243 die
505 3185 575 3254 illa;
591 3191 623 3271 ut
637 3201 758 3258 gregem
778 3185 884 3260 populi
900 3178 955 3248 sui.
1117 3195 1186 3253 diat
1201 3196 1438 3254 commemoratio
1453 3195 1511 3266 sot.
1528 3195 1553 3252 1.

414 3269 728 3349 controversaretur.
755 3275 807 3348 rx).
1081 3287 1117 3342 1u
1130 3284 1291 3344 secunao
1315 3268 1487 3365 uoltutuo
1515 3285 1561 3340 on
1582 3283 1748 3343 ausurus
1772 3274 1907 3345 oomni.

236 3366 342 3425 Exulis
351 3363 491 3423 satistilia
502 3363 581 3431 Sion,
593 3360 716 3448 *l‘ubila
729 3362 929 3437 Hierusalem
1383 3371 1433 3429 Ad
1450 3371 1601 3443 Vesperas.

235 3455 309 3514 ltooe
320 3454 381 3512 ilex
395 3453 464 3512 idus
476 3451 576 3511 veniet
634 3451 665 3510 t*
673 3453 784 3529 justus,
799 3458 829 3512 et
842 3453 991 3515 salvator:
1117 3463 1232 3522 Lauda
1245 3463 1270 3518 A
1281 3461 1353 3520 solis
1367 3465 1552 3536 ortnusque.
1576 3461 1691 3522 Oratio.
1708 3463 1798 3534 usus,
1827 3462 1914 3537 eujus

234 3548 301 3618 lpse
311 3558 438 3617 pauper,
449 3541 617 3601 ascendens
631 3556 723 3616 super
733 3543 860 3616 asinam,
873 3543 884 3569 “
896 3547 925 3604 et
941 3560 1029 3618 super
1080 3565 1204 3610 nomen.
1219 3549 1349 3625 Require
1359 3550 1417 3622 [ot.
1431 3551 1462 3609 1.
1877 3616 1880 3623 Ι

199 3632 317 3706 pullum
331 3629 428 3689 filium
442 3631 546 3688 tsinoe‘·
562 3711 563 3716 ἵ
676 3711 679 3720 .
1115 3639 1342 3713 Sooo.Alleluia.
1358 3638 1538 3698 Gaudebunt
1549 3640 1660 3714 campi,
1675 3644 1704 3700 et
1714 3639 1827 3709 omnia,
1843 3657 1913 3714 qua

234 3723 268 3778 El
282 3719 459 3792 disperdam
468 3714 651 3793 quadrigam
662 3719 982 3796 Eihfflmt'eltquum
989 3721 1027 3780 (10
1080 3728 1169 3788 ineis
1182 3733 1262 3787 sunt.
1279 3731 1360 3785 Tune
1371 3727 1557 3786 exulbabunt
1570 3729 1760 3801 omnialigna
1770 3727 1915 3788 sisarum

199 3805 393 3868 Hierusalem·
646 3881 651 3896 ,
1080 3822 1150 3879 anie
1160 3817 1269 3877 faeiem
1277 3817 1407 3877 Domini.
1431 3816 1465 3874 P.
1495 3818 1644 3884 Quoniam
1660 3819 1742 3877 venit
1757 3817 1908 3892 ialleluia.

234 3898 268 3964 st
282 3889 479 3980 dissipabitur
493 3919 581 3964 araus
606 3902 691 3965 belli:
702 3883 713 3933 ²
726 3911 756 3967 at
768 3907 908 3982 loquetur
918 3923 1027 3983 paoem
1079 3906 1110 3971 11.
1132 3909 1253 3966 Gasima
1264 3907 1392 3965 Domino
1408 3906 1559 3966 eandoem
1573 3922 1688 3966 norum
1702 3911 1837 3990 :canate
1852 3909 1914 3966 tto-

200 3977 351 4066 ssentibus.
1080 3994 1376 4056 minoomnisterra.
1396 3993 1593 4065 Psallitebeo,
1614 3999 1642 4054 et
1667 3994 1833 4055 benedicite
1860 4011 1914 4055 no·

234 4086 269 4142 Et
281 4086 415 4158 potestas
427 4083 526 4155 elusa
553 4083 631 4142 mari
647 4078 798 4160 usquead
823 4077 948 4158 mare;‘
965 4089 1027 4145 eta
1079 4101 1151 4144 men
1165 4085 1442 4159 ejuszaununoiate
1459 4083 1537 4142 inter
1549 4084 1653 4158 gentes
1678 4084 1808 4160 gloriam
1834 4086 1913 4157 eius.

197 4163 375 4230 fluminibus
385 4164 481 4247 usque
490 4168 530 4230 ad
543 4171 619 4232 lines
634 4177 728 4232 terrae.
1078 4175 1114 4234 P.
1129 4175 1278 4243 Quoniam
1289 4172 1371 4232 venit
1382 4190 1389 4231 :
1401 4172 1533 4232 alleluia.
1571 4250 1573 4253 Ι

232 4263 275 4317 Tu
293 4275 421 4344 quoque
436 4260 469 4319 in
486 4261 631 4334 sanguine
656 4247 826 4322 testamenti
842 4261 884 4321 tui
899 4262 1027 4323 emisisti
1114 4261 1204 4319 Dicat
1219 4254 1544 4335 Presbptmdiominus
1552 4262 1589 4322 sit
1597 4278 1727 4338 semper.
1738 4276 1770 4337 [p.
1785 4264 1820 4322 tit
1831 4279 1913 4322 eum.

199 4347 313 4408 tinctos
326 4351 394 4408 tuos
406 4344 531 4422 delaeu,
547 4343 597 4407 'in
616 4342 677 4424 duo
691 4367 754 4410 non
769 4355 814 4409 est
843 4365 934 4426 aqua.
1114 4351 1378 4423 Antipitouoliooe
1393 4349 1578 4410 revelabitur
1591 4351 1690 4426 glorta
1710 4353 1831 4412 Domini
1841 4355 1915 4411 Gen-

233 4438 444 4499 convertimini
458 4425 706 4499 admunitionem
721 4429 812 4499 vineti
822 4441 888 4514 spei
897 4441 922 4510 ;'
934 4439 1027 4502 bodio
1080 4437 1249 4498 tibue.P.Et
1261 4439 1374 4498 videbit
1385 4435 1485 4499 omnis
1495 4441 1916 4517 omo,quodosttominiloou·

197 4537 318 4602 quoque
332 4513 522 4588 adnuncians
534 4517 667 4604 du'plioia
681 4527 808 4588 reddam
837 4527 901 4587 tibi.
1041 4493 1350 4593 ”tudertinam
1367 4529 1525 4590 manifeste
1538 4531 1645 4599 veniet,
1659 4533 1776 4590 sitiens
1798 4538 1911 4604 noster,
1962 4546 1968 4559 ·

233 4616 383 4685 Quoniam
397 4616 531 4677 extendit
543 4617 619 4692 mibi
630 4613 739 4675 tudam
754 4616 840 4692 quasi
854 4617 1027 4688 aroumim·
1080 4621 1110 4675 et
1121 4633 1185 4676 non
1194 4617 1302 4677 silebit.
1317 4619 1351 4676 P.
1370 4621 1405 4679 Et
1418 4617 1542 4681 videbit.
1556 4620 1592 4683 P.
1600 4620 1698 4682 Gloria
1710 4625 1739 4682 et
1752 4621 1849 4682 bonor
1855 4624 1914 4684 Pa-

194 4700 273 4779 plevi
284 4706 442 4780 Ephraim:
454 4704 464 4727 ·
477 4707 506 4764 at
520 4703 675 4767 suscitabo
686 4705 764 4766 tilios
775 4707 843 4765 tuos
855 4705 926 4768 Sion
936 4723 1026 4783 super
1080 4706 1127 4766 tri.
1137 4706 1170 4771 it.
1191 4706 1356 4766 irridebit.

195 4793 273 4853 filios
286 4799 353 4854 tuos
367 4791 479 4856 Gracia
494 4816 502 4853 ε
1114 4797 1379 4857 tomauomtnus
1395 4796 1477 4856 enim
1492 4793 1579 4858 dabit
1586 4795 1913 4859 benedictionemralle-

231 4882 266 4942 Et
275 4897 390 4959 ponam
404 4884 534 4961 tequasi
546 4883 683 4958 gladium
695 4884 829 4946 tortium.
844 4875 898 4946 ‘ut
924 4882 1023 4946 Domi·
1077 4883 1150 4944 luta.
1164 4887 1197 4942 P.
1218 4883 1546 4947 litterranostradabit
1569 4885 1702 4947 trucium
1721 4905 1828 4947 suum:
1840 4887 1913 4948 alle-

195 4978 254 5032 nus
268 4974 346 5031 Deus
361 4991 450 5050 super
469 4991 522 5032 eos
532 4971 683 5033 videbitur
703 4992 710 5046 ;
1077 4974 1150 5045 luia,
1165 4974 1339 5040 alleluiati.
1354 4978 1567 5036 Verumtamen
1581 4993 1674 5054 prope
1684 4977 1823 5039 timentes
1839 4995 1911 5037 eum

230 5053 265 5121 tut
280 5062 372 5122 exibit
386 5067 420 5122 ut
430 5059 539 5137 iulgur,
560 5061 699 5136 iaculum
712 5063 811 5136 eiust*
822 5065 851 5122 et
879 5059 1024 5123 Dominus
1078 5064 1210 5124 salutare
1223 5064 1332 5138 ipsius,
1342 5066 1376 5124 ut
1389 5061 1574 5125 inhabitettn
1588 5069 1667 5127 terra
1686 5072 1800 5127 nostra.
1826 5068 1860 5126 P.
1876 5070 1912 5126 iit

194 5147 273 5236 ilaus
284 5150 316 5210 in
329 5153 405 5212 tuba
417 5157 511 5219 canet,
526 5155 554 5210 et
572 5152 699 5212 vadetin
714 5146 832 5211 turbina
842 5151 953 5214 Austri.
1078 5158 1168 5214 terra.
1180 5154 1213 5219 it.
1232 5155 1340 5223 Gloria,
1356 5159 1387 5214 et
1398 5155 1496 5214 bonor
1511 5151 1604 5240 Patri.
1624 5157 1669 5219 P.
1688 5159 1723 5216 Et
1736 5161 1826 5218 terra.

229 5241 375 5300 Dominus
385 5242 567 5300 exercituum
580 5243 716 5314 protegat
727 5256 793 5300 eos:
805 5241 1026 5324 atderorabunt
1111 5243 1375 5317 Hpmnm.Christi
1385 5242 1910 5317 eammasapmtmttaoremusae

194 5330 434 5404 teptsubjitleut
444 5324 597 5403 lapidibus
609 5327 712 5386 landae
726 5347 736 5399 ,·
751 5331 759 5349 '
773 5330 802 5389 et
814 5329 1023 5393 bibentesine·
1076 5333 1268 5408 demptorem
1280 5332 1396 5392 mundi.
1410 5335 1540 5407 Requim
1548 5341 1629 5393 retro
1635 5335 1691 5408 fot.
1710 5339 1721 5394 t
1753 5341 1782 5394 et
1795 5339 1823 5395 t.
1851 5336 1910 5397 Oa·

192 5411 383 5490 brlabunttnt
404 5415 603 5494 quesierint)
617 5413 1021 5498 etreplebuuturu'tpbialae‚
1072 5420 1456 5494 praemonstratensis
1475 5423 1565 5480 terra.
1583 5420 1907 5498 Quaresot.12.Pater

194 5497 555 5584 etquasioornuattaris,
696 5571 721 5583 Η
759 5583 763 5586 ,
877 5567 881 5588 ,
984 5581 987 5588 Δ
1075 5515 1191 5575 noster.
1206 5511 1334 5572 Liberati
1352 5510 1473 5573 amulo.
1491 5506 1553 5582 fot.
1572 5515 1599 5570 2.

229 5600 265 5661 Et
275 5597 405 5664 salvabit
415 5591 467 5661 iii
481 5579 627 5662 sonibus
643 5584 722 5662 lieus
733 5575 883 5668 eorumiu
902 5591 1021 5679 deuia,
1118 5597 1444 5674 Bmedictiotieustlei
1454 5594 1559 5664 labb.
1574 5587 1678 5677 Filius,
1696 5596 1908 5679 adsumme
