4117 6175
110 221 158 291 tal
705 202 1297 293 commmittlursrnnuaauu.
1767 233 1821 305 oei

145 353 246 416 Lectio
261 350 334 413 libri
347 350 513 412 Maeotim
529 353 593 423 (lli
604 354 717 427 nepum
732 370 798 427 cup.
820 353 902 423 xvnt.
953 352 979 407 A
1027 354 1173 427 Hymnus.
1193 359 1290 417 Noctis
1303 363 1423 435 tempus
1435 361 1508 435 J'am.
1521 366 1577 437 fot.
1594 370 1656 426 257.

145 456 178 517 n.
194 446 256 501 Deo
271 440 392 513 gratias.
1028 444 1181 515 Capitate.
1198 446 1277 503 Dens
1294 446 1344 505 Dei
1364 446 1424 517 Fili,
1448 451 1500 523 qui
1514 442 1641 525 diligens
1661 458 1773 528 oderis,
1794 461 1823 519 et

146 524 939 589 lcttlisdiebuslocutusastDominuseduclia'mrhesbi-
993 535 1819 617 parcensocoidendusimpeteris,durninpersecutoribus
1853 528 1854 533 ἵ

111 617 940 687 tem‚dicens:liecedebino,etvadecontraorientem,et
994 621 1064 688 tuis,
1076 624 1256 695 etbenignus
1269 627 1448 696 ostenderis,
1458 630 1817 707 etmisericorsinveniris3

113 705 937 781 abscondereintorrenteCaritb,quiestcontratordanem,
993 710 1034 767 da
1049 712 1146 780 nobis,
1161 718 1194 770 ut
1208 730 1261 787 per
1274 716 1423 789 passionis
1437 720 1494 775 tuae
1507 718 1642 787 vulnera,
1657 726 1760 783 nostra
1773 742 1821 783 ex-

114 798 237 875 0¹3&ss
244 796 474 865 ibidartorrenta
487 796 575 854 bibes
585 818 591 857 :
602 797 758 870 corvisque
768 795 898 869 precepi
908 798 941 851 nt
993 799 1113 872 pientur
1124 801 1233 861 delicta
1249 821 1255 860 :
1269 808 1311 873 ut,
1331 806 1382 879 qui
1397 806 1519 864 humilis
1533 825 1588 883 pro
1607 809 1697 868 nobis
1710 828 1820 885 passus

112 891 238 963 pascant
249 890 278 943 te
294 883 347 942 tbi.
375 884 456 942 Abiit
479 900 562 957 argo,
578 890 608 943 et
628 886 697 944 tecit
706 886 792 956 Juxta
812 883 940 940 verbum
993 894 1172 964 camertem,
1187 892 1334 963 gloriosus
1346 898 1490 954 aternam
1503 896 1591 956 nobis
1607 898 1722 959 tribuas
1736 900 1821 961 olari-

111 977 252 1036 Domini:
268 988 400 1048 cumque
415 973 547 1045 abiisset,
563 974 640 1032 sedit
653 970 938 1044 interrantedarith,
993 980 1098 1037 tatem,

110 1061 940 1141 quiestcontratordanem.Corviqnoquodeierebantei
1029 1066 1119 1126 Pater
1134 1074 1244 1127 110srep,

110 1167 224 1229 panem
238 1157 267 1211 et
278 1168 386 1210 carnes
401 1167 501 1219 mane,
517 1150 772 1225 similiterpanern
796 1155 825 1208 at
835 1165 940 1207 carnes
1029 1154 1212 1214 laudatiae
1223 1158 1427 1233 estgeneratio
1437 1162 1821 1236 querentiumtlominumi

111 1239 608 1316 vesperl,etblbebatdatorrenta.
627 1236 941 1298 Postdiesautemali-
993 1243 1210 1317 requirentium
1221 1246 1327 1305 taciem
1336 1245 1539 1313 Deitaeob.lt.
1550 1253 1667 1311 Domini
1676 1256 1720 1311 est
1730 1259 1819 1325 terra,

112 1330 559 1405 quantossiccatusesttorrens
573 1345 580 1385 t
596 1346 659 1387 non
671 1328 752 1388 enim
762 1328 880 1402 pluerat
892 1344 941 1385 su·
994 1336 1023 1388 et
1036 1332 1190 1406 plenitudo
1203 1336 1268 1409 ejus
1283 1354 1289 1393 :
1304 1338 1386 1395 orbis
1403 1342 1561 1409 terrarum,
1578 1345 1607 1400 et
1617 1342 1748 1401 universi
1768 1361 1821 1419 qu,

111 1436 164 1494 per
171 1425 298 1477 terram.
313 1422 420 1477 Factus
431 1423 477 1477 est
486 1435 558 1492 ergo
567 1434 667 1478 sermo
676 1418 797 1476 Domini
808 1418 939 1487 adeum,
994 1418 1131 1479 habitant
1143 1422 1173 1479 in
1187 1440 1233 1481 eo.

113 1509 217 1568 dicens
231 1528 239 1562 ε
254 1510 359 1579 Surge,
369 1507 482 1566 etvade
491 1508 523 1566 in
534 1510 688 1581 sareptam
701 1506 903 1573 Sidoniorum,
913 1508 949 1591 et
1033 1511 1145 1571 Oratio.
1165 1514 1266 1571 Dduea
1285 1514 1408 1573 Domine
1421 1533 1512 1591 super
1526 1534 1639 1593 aquam
1653 1518 1822 1578 refectionis

111 1598 252 1660 manabis
264 1596 328 1655 ibi:
344 1596 474 1671 precepi
487 1598 569 1655 enim
592 1597 634 1655 ibi
659 1596 777 1655 mulieri
790 1595 890 1654 viduae
908 1597 941 1652 ut
994 1598 1126 1672 plebem,
1134 1617 1228 1674 quam
1237 1602 1436 1679 formastiper
1444 1623 1557 1683 aquam
1567 1608 1759 1683 baptismatis
1770 1628 1779 1665 :
1790 1612 1822 1668 ut

112 1693 219 1764 paseat
231 1691 272 1745 te.
287 1687 430 1756 surrexit,
444 1692 474 1745 et
486 1686 560 1745 abiit
572 1687 604 1745 in
626 1688 783 1759 sareptam
805 1684 939 1744 Sidonio
953 1704 977 1761 g
992 1684 1141 1759 legalibus
1155 1688 1471 1766 inebriatagdoctrinia
1487 1695 1556 1753 illue
1570 1700 1702 1755 nostrum
1725 1698 1823 1771 rapiat

111 1792 194 1835 rum.
202 1773 797 1849 Cumquevenissatadportamcivitatis,
806 1773 941 1848 apparuit
994 1775 1187 1847 desiderium,
1211 1778 1264 1836 ubi
1279 1784 1305 1837 tc
1326 1781 1397 1839 dare
1419 1788 1563 1843 aeternum
1584 1785 1733 1859 promittis
1747 1801 1823 1863 proe·

115 1865 143 1926 ei
157 1864 265 1923 mulier
273 1864 367 1922 udus
380 1862 524 1935 colligens
536 1862 628 1936 ligna,
644 1868 674 1921 et
682 1864 799 1921 vocavit
808 1862 941 1930 cammi—
994 1865 1091 1923 mium
1106 1870 1273 1926 Baulorum.
1289 1880 1322 1943 lp.
1339 1872 1445 1931 Amen.

112 1953 265 2029 xitqueei:
277 1952 780 2027 Damibipaululumaquaainvase,
789 1951 940 2009 utbibam.
1303 1960 1352 2016 Ad
1367 1962 1507 2021 Tertiam.

115 2046 250 2116 Cumque
262 2042 314 2101 illa
326 2046 503 2115 pergeretut
513 2042 642 2111 afferret,
654 2041 797 2101 clamavit
808 2045 878 2113 post
886 2042 942 2099 ter·
1128 2046 1329 2106 Eccosicsttct
1342 2050 1510 2109 Solomonis
1523 2050 1609 2125 (sap.
1621 2052 1685 2129 xv).

112 2128 942 2205 gumeius,dicens:Aliernribi‚obsecro,etbuccellam
1032 2144 1064 2207 tp.
1081 2134 1142 2192 Deo
1153 2136 1273 2209 gratias.

113 2221 204 2294 panis
213 2220 417 2278 inmanutua.
432 2221 502 2290 Quae
514 2218 692 2292 respondit:
712 2218 788 2275 Vivit
798 2217 942 2275 Dominus
1032 2222 1093 2295 nili,
1102 2224 1249 2283 multaest
1261 2227 1408 2301 sapientia
1423 2228 1624 2299 Deo,eticrtis
1635 2229 1821 2305 inpotentia,

114 2310 194 2367 Deus
209 2312 291 2381 tuus,
306 2308 378 2382 quia
395 2324 457 2366 non
467 2307 567 2365 habeo
586 2323 709 2382 panem,
721 2306 780 2363 nisi
794 2310 942 2381 quantum
995 2308 1100 2367 videns
1116 2328 1222 2371 omnes
1238 2317 1300 2373 sine
1316 2316 1546 2375 intermissione.
1563 2318 1646 2376 Oculi
1655 2320 1772 2377 Domini
1782 2315 1823 2379 ad

113 2398 249 2473 pugillus
257 2415 361 2473 capere
369 2402 467 2474 potest
473 2397 613 2456 larinoein
619 2396 738 2471 hydria,
748 2396 942 2472 atpaulnlum
995 2398 1134 2457 timentes
1149 2418 1228 2470 eum,
1240 2405 1268 2460 et
1280 2404 1343 2477 ipse
1354 2406 1489 2479 agnoscit
1500 2422 1623 2465 omnem
1631 2423 1755 2484 operam
1769 2408 1823 2467 ho-

114 2489 391 2564 oleiinlecythoean
403 2488 512 2561 colligo
524 2488 583 2545 duo
597 2487 689 2561 ligna,
701 2490 734 2544 ut
747 2486 900 2560 ingrediar
914 2489 942 2544 et
995 2488 1096 2545 minis.
1105 2492 1297 2549 Attenditeab
1307 2494 1429 2552 homine
1439 2496 1554 2569 iniquo,
1564 2502 1592 2554 et
1601 2496 1820 2569 aproximoca·
1907 2490 1909 2497 ’

113 2576 226 2637 inciam
241 2578 317 2636 illud
334 2577 408 2636 mihi
423 2582 452 2636 et
464 2576 527 2636 lilio
544 2593 623 2645 meo,
639 2581 672 2634 ut
683 2578 889 2644 comedamus,
913 2580 942 2635 et
994 2576 1821 2659 ve.(Cop.xv11.)vlaeeorumcoramipsosuntsemper,

114 2668 290 2726 moriamur.
306 2667 351 2725 Ad
366 2684 459 2743 quam
478 2666 575 2725 Helias
587 2667 629 2724 ait
643 2682 651 2722 t
667 2666 732 2724 Noli
745 2665 860 2731 timere,
887 2662 942 2722 sed
995 2679 1057 2722 non
1066 2670 1137 2723 sunt
1145 2667 1331 2726 absconditae
1339 2669 1586 2745 aboculisipsius.
1594 2674 1824 2747 lnunamquam·

114 2754 200 2824 vade,
212 2761 241 2815 et
250 2757 309 2828 lac,
317 2757 395 2814 sieut
401 2755 499 2814 dixisti
510 2775 517 2813 :
528 2760 729 2814 verumtamen
737 2754 812 2811 mihi
822 2754 941 2828 primum
995 2768 1055 2829 que
1066 2758 1185 2825 gentem
1194 2758 1357 2831 preposuit
1368 2766 1511 2816 rectorem
1524 2775 1532 2814 τ
1546 2764 1574 2817 et
1584 2775 1654 2835 pars
1667 2760 1719 2817 Dei
1731 2760 1822 2819 lsrael

115 2844 163 2905 lae
169 2848 205 2905 de
213 2846 419 2922 ipsaiarinula
426 2846 652 2904 subcinericium
660 2862 765 2921 panem
775 2844 941 2919 parvulum,
995 2842 1075 2901 iacta
1088 2844 1308 2904 estmanitesta.
1321 2848 1565 2922 Etomniaopera
1575 2864 1680 2905 eorum
1689 2846 1766 2907 sicut
1777 2848 1823 2906 sol

117 2939 145 2993 et
159 2934 231 2993 alter
241 2934 281 2993 ad
291 2950 341 2993 me
356 2934 430 2993 :tibi
441 2939 541 2992 autem
552 2934 648 2993 attilio
658 2939 710 2992 tuo
722 2933 815 2991 facies
827 2936 941 3007 postea.
996 2930 1028 2990 in
1044 2938 1206 3008 conspectu
1220 2934 1270 2992 Del
1285 2953 1292 2992 :
1309 2939 1337 2994 et
1351 2934 1429 2993 oculi
1443 2938 1508 3009 ejus
1524 2938 1588 2995 sine
1603 2934 1822 2995 intermissione

116 3021 183 3082 lirae
198 3028 300 3083 autem
314 3023 386 3081 dicit
399 3022 547 3081 Dominus
561 3024 639 3081 Deus
653 3023 743 3081 lsrael
757 3040 763 3078 :
777 3021 890 3097 Hydria
900 3022 944 3079 fa·
959 3052 981 3112 c
998 3018 1190 3098 inspicientes
1200 3024 1231 3081 in
1239 3022 1294 3081 viis
1303 3041 1417 3082 eornm.
1427 3028 1491 3083 Non
1502 3028 1571 3083 sunt
1578 3024 1756 3084 abscondita
1767 3023 1823 3085 tes'·

116 3115 260 3172 rinanon
269 3113 394 3182 deficiet,
403 3129 459 3171 nec
469 3113 605 3188 lecythus
615 3113 672 3172 olei
685 3113 838 3171 minuetur
849 3127 945 3186 usque
998 3112 1824 3192 ementaperiniquitatameorum,etomnesiniquitates

117 3203 242 3261 indiam
256 3203 287 3261 in
295 3219 358 3278 qua
366 3203 511 3261 Dominus
521 3203 646 3261 daturus
658 3208 703 3261 est
710 3203 843 3277 pluviam
856 3217 946 3277 super
1000 3219 1100 3260 eorum
1110 3204 1140 3260 in
1156 3209 1317 3279 conspectu
1332 3204 1394 3262 Dei.
1410 3206 1609 3280 Eleemosyna
1622 3206 1675 3262 viri
1687 3207 1775 3280 quasi
1786 3204 1825 3262 sl·

117 3291 227 3351 taeiem
241 3295 338 3351 terras.
354 3294 427 3360 Qua
439 3290 522 3357 abiit,
532 3291 640 3350 etfacit
652 3293 738 3364 jnxta
750 3292 879 3350 verbum
891 3294 945 3348 lle·
1000 3291 1669 3368 gnaculuminipso,etgratiamhominisquasi
1680 3291 1824 3368 pupillam

116 3379 163 3440 liar
177 3400 185 3440 :
200 3386 230 3440 et
244 3382 373 3439 comedit
385 3381 458 3455 ipse,
472 3387 501 3438 at
514 3380 574 3450 illa,
591 3385 620 3438 et
633 3381 743 3438 domus
758 3380 824 3454 ejus
840 3397 846 3437 :
867 3384 896 3436 et
909 3395 946 3437 ex
1000 3379 1190 3440 conservabit
1205 3397 1212 3438 ε
1226 3385 1255 3438 et
1280 3387 1386 3456 postea
1400 3385 1543 3454 resurget,
1570 3387 1598 3439 et
1612 3380 1754 3440 retribuet
1767 3379 1825 3438 illis

115 3470 168 3530 illa
179 3472 228 3530 die
239 3471 350 3546 hydria
364 3472 468 3530 tarinae
482 3486 544 3529 non
556 3470 672 3538 deiecit,
693 3475 722 3528 et
732 3469 867 3544 lecythus
889 3467 948 3529 olai
999 3469 1442 3545 retributionem,unicuiquein
1454 3473 1544 3542 caput
1560 3467 1788 3544 illorum,3k0
1798 3473 1827 3528 et

116 3559 946 3635 nonestimminntusjurtaverbumDomini‚quodloeu·
1000 3557 1828 3634 convertetinieriorespartesterras.Poenitentibusautem

114 3644 166 3708 tus
183 3649 284 3708 luerat
302 3649 333 3707 in
346 3665 439 3708 manu
457 3648 554 3706 Helie.
569 3651 692 3706 Factum
705 3655 748 3706 est
762 3655 864 3707 autem
877 3651 947 3723 post
1000 3648 1309 3721 deditviamjustitiae,
1320 3645 1829 3706 etcorroboravitdeficientessusti·

114 3737 678 3810 verbahaeo,oegrotavitfiliusmulieris
688 3739 792 3796 matris
801 3737 945 3808 lnmilias,
1000 3753 1081 3803 nere,
1095 3741 1124 3794 et
1133 3737 1291 3794 destinavit
1305 3742 1415 3794 sortem
1429 3736 1569 3795 veritatis.
1597 3739 1773 3796 Convertere
1788 3737 1829 3794 ad

116 3833 145 3886 et
155 3835 220 3887 erat
230 3829 359 3902 languor
371 3827 564 3900 fortissimus,
577 3828 659 3886 itaut
668 3844 730 3885 non
739 3833 907 3884 remaneret
916 3828 948 3883 in
1002 3825 1174 3896 Dominum,
1186 3826 1354 3899 etrellnque
1364 3830 1546 3898 peccatatua
1558 3843 1564 3882 :
1578 3823 1659 3884 etsta
1674 3821 1704 3884 in
1715 3829 1828 3884 sortem

116 3917 287 3976 eohalltus.
299 3918 376 3975 Dixit
391 3932 463 3989 ergo
475 3916 517 3974 ad
526 3915 640 3974 tlellam
655 3933 663 3970 ε
678 3917 755 3984 Quid
767 3917 841 3973 mihi
856 3920 885 3973 ot
895 3914 947 3972 tibi
1002 3913 1221 3988 propositionis
1234 3919 1261 3970 et
1276 3914 1418 3972 orationis
1431 3913 1568 3972 altissimi
1581 3911 1643 3974 Dei.
1658 3927 1690 3988 p.
1719 3915 1826 3974 Amen.

113 4006 163 4065 vir
175 4005 255 4065 Dei?
268 4007 423 4080 ingressus
439 4006 524 4064 asad
545 4021 604 4064 mc.
621 4011 655 4063 ut
676 4008 949 4064 rememorarentur
1001 4005 1099 4061 Lectio
1113 4001 1274 4062 Hieremiae
1288 4003 1454 4077 Propheta.
1468 4005 1654 4064 Tirenorum
1670 4003 1754 4078 (cap.
1765 4005 1823 4078 nr).

112 4094 388 4171 iniqnitatasmeas,
398 4101 427 4154 et
435 4095 615 4154 interficeres
625 4095 720 4152 filium
727 4094 853 4152 meum?
865 4097 899 4152 Et
909 4093 950 4152 ait
1038 4104 1072 4163 tr.
1092 4093 1153 4149 Deo
1169 4093 1288 4165 gratias.

119 4185 165 4241 ad
176 4188 244 4240 eam
257 4185 360 4243 tlellas.
374 4186 418 4241 Da
431 4184 504 4244 mibi
517 4185 612 4241 fillum
621 4189 721 4244 tuum.
732 4184 869 4258 Tulitque
879 4199 949 4240 eum
1039 4183 1100 4253 Ego
1109 4180 1153 4237 vir
1165 4180 1272 4238 videns
1281 4185 1490 4256 paupertatem
1505 4179 1830 4254 meam‚etvirgaindi·

115 4267 161 4330 de
177 4265 324 4347 sinodus,
334 4270 736 4348 etportavitincoenaculum
750 4272 802 4329 ubi
810 4273 876 4346 ipse
887 4287 949 4330 ma·
1004 4270 1153 4344 gnationis
1167 4272 1242 4344 ejus.
1259 4274 1301 4330 lle
1315 4271 1452 4341 minavit,
1465 4276 1494 4331 et
1502 4272 1629 4330 adduxit
1639 4272 1671 4330 in
1685 4272 1829 4342 tenebris,

111 4361 225 4430 nebat,
241 4366 269 4420 et
278 4364 376 4436 posuit
388 4361 701 4436 superleotnmsunm.
716 4361 896 4419 Etclamavlt
910 4359 950 4418 ad
964 4409 987 4468 D
1003 4364 1032 4417 at
1042 4374 1103 4417 non
1115 4359 1262 4417 inlucem.
1275 4361 1401 4418 Tantum
1412 4361 1443 4418 in
1452 4377 1500 4418 me
1510 4359 1596 4421 vertit
1604 4378 1731 4422 manum
1742 4377 1831 4426 suam

110 4451 294 4517 Dominum,
302 4456 331 4509 et
341 4450 415 4509 dixit
428 4471 434 4511 :
449 4450 658 4509 DomineDeus
665 4466 759 4516 meus.
767 4449 897 4506 etiamne
905 4448 949 4505 vi·
1003 4446 1066 4506 tota
1079 4447 1136 4505 die.
1152 4449 1305 4507 Vetustam
1319 4449 1388 4507 lecit
1400 4449 1508 4524 pellem
1529 4467 1642 4523 meam,
1658 4456 1688 4510 et
1709 4466 1832 4516 carnem

111 4539 220 4609 duam,
230 4539 313 4615 apud
319 4557 408 4614 quam
419 4555 475 4614 ego
484 4544 643 4613 utcumque
652 4542 809 4606 sustentor,
817 4537 949 4597 afflixisti
1003 4553 1115 4608 meam,
1129 4537 1266 4596 contrivit
1275 4554 1344 4596 ossa
1355 4555 1431 4596 mea.
1446 4537 1613 4598 AEdificavlt
1623 4539 1654 4597 in
1663 4554 1738 4617 gyro
1751 4553 1831 4608 meo,

110 4632 148 4688 nt
162 4629 349 4688 interficeres
362 4627 459 4687 filium
474 4627 566 4702 ejus?
589 4632 622 4686 nt
644 4627 788 4702 expandit
799 4644 841 4697 se,
859 4632 949 4702 atque
1004 4631 1033 4685 et
1056 4627 1251 4685 circumdedit
1268 4643 1317 4685 me
1335 4626 1412 4696 telle,
1437 4630 1465 4685 et
1483 4627 1596 4686 labore.
1617 4632 1650 4685 ln
1664 4623 1830 4685 tenebrosis

110 4724 535 4794 mensusestsuperpuernm
544 4717 951 4786 tribusvicibus,etclamavlt
1003 4717 1472 4792 conlocavitme,qnasimortuos
1480 4715 1688 4791 sempiternos.
1701 4713 1831 4771 Circum·

112 4809 153 4868 ad
162 4808 341 4877 Dominum,
350 4807 426 4865 etait
438 4807 578 4865 :Domine
586 4806 765 4877 Deusmeus,
774 4810 950 4881 revertatur,
1004 4803 1163 4864 edificavit
1169 4804 1331 4864 adversum
1339 4821 1398 4878 me,
1407 4810 1509 4864 utnon
1517 4805 1652 4878 egrediar
1664 4822 1671 4861 :
1683 4817 1831 4876 aggrava·

113 4894 951 4971 obsecraanimapuerthntusinvisceraejusntexau-
1003 4893 1752 4970 vltcompedemmeum.Sedetcumclamavero,et
1765 4907 1832 4955 ora-

114 4985 192 5044 divit
206 4984 356 5044 Dominus
369 5001 472 5044 vocem
485 4983 574 5042 nene
588 4999 595 5040 :
608 4987 636 5042 et
658 5000 778 5043 reversa
791 4988 835 5042 est
848 4984 953 5044 anima
1004 5001 1085 5056 vero,
1094 4985 1386 5044 exclusitorationem
1400 5001 1510 5044 meam.
1519 4983 1833 5051 conclusitviasmeas

114 5075 205 5150 pueri
216 5072 388 5141 miraeum,
398 5071 693 5148 atrevixit.'lulitqne
704 5071 800 5130 Helias
810 5089 949 5148 puerum,
1004 5072 1289 5150 lapidibusquadris,
1297 5076 1414 5134 semitas
1422 5073 1578 5134 subvertit.
1591 5073 1833 5136 Ursusinsidiens

115 5161 624 5240 etdeposuiteumdecoenaculoln
634 5161 949 5232 interioremdomum‚
1005 5163 1104 5222 factus
1117 5169 1160 5221 est
1178 5163 1263 5234 mihi,
1277 5162 1325 5221 leo
1340 5163 1371 5222 in
1393 5163 1582 5224 abscondito.
1598 5164 1724 5224 Semitas
1746 5177 1833 5220 meas

116 5257 144 5311 et
158 5251 286 5312 tradidit
296 5253 386 5312 matri
396 5255 507 5319 sumet
517 5249 609 5309 altilli
625 5267 632 5305 r
647 5253 690 5308 lin
702 5249 860 5308 vivitlilius
870 5257 950 5309 tuus.
1005 5253 1158 5318 subvertit,
1175 5257 1204 5310 et
1217 5253 1364 5328 confregit
1376 5270 1426 5312 me
1442 5271 1449 5310 :
1463 5254 1562 5329 posuit
1581 5269 1630 5312 me
1655 5251 1833 5310 desolatam.

117 5343 261 5418 Dixitque
275 5342 383 5401 mulier
396 5343 436 5401 ad
447 5341 561 5399 ltaliam
574 5357 583 5397 :
596 5343 680 5399 Nunc
694 5339 726 5397 in
740 5342 796 5400 isto
812 5342 949 5414 cognovi,
1005 5341 1138 5399 'retendit
1152 5357 1257 5400 arcum
1272 5358 1371 5412 suum,
1385 5349 1415 5401 et
1426 5344 1526 5419 posuit
1541 5358 1588 5400 me
1611 5339 1699 5416 quusi
1714 5339 1836 5412 signum

116 5432 324 5508 quoniamvir
337 5431 482 5498 Deionis,
496 5429 657 5490 etverbnm
666 5431 824 5491 Dominiin
838 5435 951 5493 oretuo
1006 5429 1048 5489 ad
1075 5430 1214 5505 sagittam
1228 5449 1235 5494 :
1249 5432 1330 5492 misit
1357 5431 1389 5491 iu
1412 5433 1535 5492 renibus
1556 5429 1631 5486 meis
1653 5425 1731 5510 filias
1754 5427 1835 5501 pha-

115 5533 225 5582 serum
241 5525 297 5583 est.
313 5533 351 5599 n.
374 5523 479 5582 Amen.
1005 5525 1093 5581 retra
1104 5538 1177 5582 sua.
1193 5523 1300 5584 Factus
1319 5539 1387 5583 sum
1403 5523 1433 5583 in
1459 5521 1592 5581 derisum
1608 5513 1693 5579 omni
1719 5515 1835 5596 populo
