4117 6175
231 242 284 329 ιιι
853 248 1082 322 eeuvmmutr
1105 245 1302 311 eovfflctttt.
1889 254 1944 311 3l2

232 390 478 469 plagaeminuas;
489 378 1019 460 impertiasqueelimentaetegenis3
1030 377 1096 437 eth
1112 378 1224 438 mensis
1238 378 1338 444 unius,
1353 375 1429 434 dixit
1441 375 1469 433 ei
1484 392 1492 433 ε
1508 378 1586 433 Num
1600 376 1672 450 quia
1685 376 1777 434 irater
1794 390 1881 435 meus
1895 393 1941 445 es,

233 482 384 542 modelam
401 480 496 537 tribue
510 473 685 533 vulneratis.
699 482 734 544 ιι.
754 471 862 526 Amen.
1114 468 1205 543 gratis
1224 466 1334 525 servies
1350 464 1448 522 mihi?
1462 465 1511 522 dic
1529 465 1605 539 quid
1629 464 1775 524 mercedis
1800 466 1941 541 accipies.

269 576 324 633 pm·
341 566 590 630 misericordiam.
1114 556 1249 615 Habebat
1266 571 1336 612 vero
1361 553 1462 612 haban
1482 554 1558 611 duae
1583 553 1672 622 filias,
1689 570 1802 612 nomen
1816 556 1943 628 majoris

541 654 591 712 Ad
608 651 749 711 Tertiam.
1115 646 1199 704 biam
1214 662 1221 702 :
1236 645 1335 703 minor
1350 643 1560 719 appellabatur
1576 643 1694 702 Rachel.
1712 645 1769 703 Sed
1789 644 1838 702 lia
1851 644 1943 719 lippia

287 750 386 809 Lectio
401 744 648 816 tibriSupientie.
658 740 729 806 Pili,
744 736 879 798 Custodi.
890 736 946 809 sol.
960 740 1004 795 eo.
1114 740 1178 794 erat
1187 734 1282 792 oculis
1298 752 1305 789 ι
1321 732 1431 791 Rachel
1446 733 1556 790 deeora
1571 732 1657 801 facie,
1672 738 1703 792 et
1718 739 1845 791 venusto
1857 748 1944 807 aspe-

353 836 580 896 Prooerbiorum
592 828 761 890 Submonis
772 827 860 899 (Gap.
876 826 927 901 ιι).
1115 826 1174 881 ctu.
1188 823 1284 890 Quam
1309 822 1435 894 diligens
1461 820 1564 887 iacob,
1589 822 1631 879 ait
1646 839 1652 878 :
1667 823 1802 880 serviam
1817 820 1869 881 tibi
1886 838 1942 896 pro

270 940 303 1002 ιι,
321 929 383 984 Deo
398 925 521 998 gratias,
1114 911 1225 971 Rachel
1236 910 1297 969 filia
1312 918 1363 968 tua
1373 911 1498 975 minore,
1519 914 1634 985 septem
1656 910 1755 969 annis.
1779 911 1944 985 Respondit

273 1017 336 1083 Fili,
351 1014 467 1073 iustitia
481 1010 625 1084 simplicis
646 1008 753 1080 diriget
768 1004 851 1062 viam
862 1005 928 1077 ejus
940 1022 947 1061 :
961 1006 991 1061 et
1006 1003 1062 1061 im·
1117 1001 1217 1059 laban
1235 1020 1241 1058 :
1262 1000 1362 1059 hlelius
1372 1006 1416 1057 est
1431 1004 1464 1057 ut
1477 999 1623 1057 tibiillam
1634 1000 1741 1057 demus
1751 1016 1846 1075 quam
1857 1002 1942 1059 alteri

236 1104 344 1179 pietate
351 1118 407 1161 sua
414 1104 532 1157 corruet
541 1098 662 1171 impius.
674 1094 790 1154 lustitia
798 1095 947 1151 rectorum
956 1091 1063 1149 libera·
1116 1090 1190 1157 viro,
1206 1105 1295 1147 mane
1312 1089 1393 1163 apud
1408 1106 1464 1145 me.
1480 1089 1799 1161 Servivitigitnrlaeob
1813 1106 1868 1165 pro
1888 1094 1944 1149 Ra·

235 1194 281 1251 bit
294 1208 345 1250 eos
359 1195 405 1247 :et
424 1189 541 1246 insidiis
561 1188 624 1244 suis
650 1186 806 1259 capientur
827 1182 933 1258 iniqui.
950 1185 1064 1239 llortuo
1117 1178 1403 1253 chelseptemannis
1421 1195 1428 1235 :
1445 1178 1943 1253 etvidebanturillipaucidiesprae

237 1279 360 1338 homine
373 1278 478 1351 impio,
492 1276 577 1333 nulla
590 1275 644 1331 erit
657 1271 736 1330 ultra
745 1287 813 1345 spes
830 1289 837 1328 :
854 1276 884 1328 el
895 1270 1063 1343 expectatio
1119 1268 1230 1327 amoris
1244 1268 1462 1339 magnitudine.
1475 1267 1609 1342 Dixitque
1624 1269 1663 1325 ad
1676 1268 1778 1327 Laban
1792 1288 1799 1322 ε
1812 1272 1854 1327 lla
1868 1268 1945 1326 mihi

238 1367 420 1425 solicitorum
437 1365 554 1439 peribit.
575 1365 675 1420 iustus
698 1361 736 1417 de
758 1359 905 1431 angustiis
921 1359 1064 1417 liberatus
1119 1374 1243 1416 uxorem
1255 1373 1354 1415 meam
1369 1378 1376 1413 ε
1391 1357 1464 1431 quia
1472 1357 1538 1429 jam
1552 1362 1672 1432 tempus
1681 1358 1834 1431 expletum
1844 1361 1896 1426 est,
1910 1362 1945 1415 ut

239 1460 283 1513 est
297 1474 307 1509 s
320 1459 348 1512 et
359 1454 491 1512 tradetur
504 1450 617 1525 impius
627 1465 684 1524 pro
693 1464 740 1507 eo.
751 1448 911 1506 Simulator
925 1464 977 1505 ore
986 1447 1065 1505 deci·
1118 1446 1269 1518 ingrediar
1287 1446 1327 1503 ad
1346 1461 1423 1503 eam.
1448 1446 1503 1511 Qui
1517 1447 1630 1504 vocatis
1652 1446 1754 1504 multis
1776 1447 1944 1504 amicorum

238 1536 1064 1617 pitamicumsuum:justiautemliberabunturscientia,
1120 1535 1214 1593 turbis
1241 1535 1281 1592 ad
1307 1534 1489 1601 convivium,
1522 1534 1589 1592 iecit
1612 1534 1743 1608 nuptias.
1768 1537 1800 1593 Et
1819 1550 1944 1607 vespere

239 1631 363 1689 lnbonis
368 1632 518 1703 justorum
526 1625 671 1685 exultabit
678 1626 783 1683 civitas
800 1642 807 1683 :
827 1626 1066 1698 171etinper·
1119 1623 1213 1681 liliam
1228 1640 1314 1681 suam
1331 1625 1411 1681 Liam
1423 1624 1587 1681 introduxit
1605 1623 1741 1695 adeum,
1757 1623 1835 1681 dans
1851 1622 1944 1681 ancil-

238 1718 521 1791 ditioneimpiorum
532 1717 586 1775 erit
593 1715 739 1773 laudatio.
754 1713 962 1771 benedictione
971 1714 1065 1786 justo·
1080 1727 1105 1785 Β
1119 1713 1181 1772 lam
1193 1713 1261 1770 filie
1271 1712 1412 1786 zelpham
1421 1713 1555 1771 nomine.
1568 1713 1612 1771 ld
1624 1728 1718 1787 quam
1729 1729 1798 1770 eum
1811 1728 1846 1771 ex
1860 1727 1945 1771 more

239 1805 606 1868 rumexaltabiturcivitas
626 1808 728 1861 :ctore
742 1801 1066 1876 impiorumsubverie-

239 1900 298 1953 tur.
313 1895 368 1961 Qui
381 1895 492 1967 decipit
504 1894 636 1951 amicum
651 1908 751 1959 suum,
767 1890 870 1949 sitiens
888 1890 978 1948 corde
1000 1895 1065 1949 est:

240 1983 284 2041 vlr
293 1986 394 2041 autem
408 1983 542 2055 prudens
552 1982 670 2040 tacebit.
680 1980 735 2048 Qui
745 1978 881 2038 ambulat
891 1978 1067 2037 iraudulen-

241 2076 294 2138 ter,
307 2070 418 2129 revelat
428 2086 540 2129 areana
551 2088 558 2127 :
571 2071 624 2144 qui
633 2075 734 2127 autem
742 2068 839 2125 fidelia
850 2071 896 2125 eet
905 2067 1010 2140 animi,
1022 2084 1068 2125 ce-

240 2160 284 2219 lat
294 2161 500 2217 commissum.
513 2160 567 2217 Ubi
581 2174 643 2216 uon
658 2162 703 2214 est
717 2156 911 2229 gubernator,
933 2156 1067 2232 populus

241 2252 360 2318 comuet
370 2266 377 2305 :
389 2247 470 2305 salus
478 2252 589 2313 eutem,
600 2245 759 2304 ubimulta
768 2244 904 2303 consilia.
914 2244 1069 2316 umigatus

241 2337 334 2409 malo,
342 2335 493 2411 quiddam
501 2335 571 2395 iacit
577 2351 632 2409 pro
638 2338 780 2392 extraneo
797 2334 1070 2407 :quiantemcavet

240 2426 376 2501 laqueos,
393 2440 531 2483 securene
538 2424 603 2482 erit.
613 2424 714 2482 ltulier
723 2422 857 2495 gratiosa
863 2422 994 2479 inveniet
1007 2421 1070 2494 glo

241 2515 319 2575 nam
335 2532 341 2574 :
357 2510 1070 2573 etrobustihabebuntdivitias.fflneiaoitanime

243 2620 307 2663 sue
316 2603 536 2663 virmieericors
552 2599 871 2677 :quiautemcrudalis
882 2604 938 2668 est,
949 2601 1070 2675 propin-

244 2708 322 2767 quos
333 2692 443 2764 abjicit
455 2692 568 2765 impius
581 2690 653 2749 lacit
665 2690 821 2748 mercedes
831 2688 985 2748 instabiles
1001 2711 1008 2747 r
1023 2704 1069 2747 ee·

244 2781 371 2842 minanti
384 2784 485 2839 autem
497 2780 612 2854 justitia
625 2794 705 2853 opus
716 2778 814 2837 ildelo.
831 2789 864 2851 ιι.
879 2782 985 2837 Amen.

393 2871 493 2931 Lectio
509 2870 582 2928 libri
597 2869 716 2929 Genesis
728 2869 816 2943 (Gap.
830 2871 921 2942 xxix).

281 2971 317 3033 ιι.
336 2962 397 3018 lieo
410 2958 537 3031 madae.

1119 1802 1211 1859 Jacob
1229 1801 1333 1859 luisset
1342 1802 1509 1873 ingressus,
1520 1801 1699 1860 iaoiomane
1713 1802 1788 1859 vidit
1798 1801 1878 1860 biam
1896 1818 1902 1858 :
1917 1806 1947 1860 at

1120 1890 1195 1948 dixit
1209 1890 1249 1948 ad
1263 1906 1402 1948 socerum
1419 1908 1507 1949 sunm
1523 1909 1532 1949 r
1546 1891 1623 1959 Quid
1637 1890 1776 1964 estquod
1788 1890 1884 1949 lacere
1895 1906 1946 1947 vo-

1120 1978 1226 2036 luisti?
1240 1994 1341 2037 nonne
1351 1996 1405 2053 pro
1417 1980 1526 2038 Rachel
1536 1980 1643 2038 servivi
1652 1979 1705 2038 tibi
1715 1980 1730 2037 ι
1740 1994 1833 2053 quare
1852 1979 1949 2053 impo-

1122 2068 1205 2125 suisti
1219 2068 1291 2125 mihi
1305 2069 1492 2143 tRespondit
1507 2069 1609 2127 haban
1625 2088 1632 2128 :
1649 2072 1712 2127 Non
1725 2073 1771 2126 est
1780 2067 1885 2125 inloco
1895 2082 1950 2126 no-

1122 2161 1183 2214 stro
1197 2158 1436 2225 consuetudinis,
1452 2164 1484 2215 ut
1503 2158 1637 2215 minores
1656 2162 1725 2215 ante
1739 2157 1895 2215 tradamus
1908 2156 1949 2215 ed

1122 2246 1252 2319 nuptias.
1263 2244 1926 2320 lmplehebdomadamdierumhujuscopule
1939 2262 1947 2303 :

1123 2338 1150 2391 et
1163 2333 1242 2391 hanc
1252 2335 1462 2408 quoquedabo
1474 2336 1527 2393 tibi
1541 2350 1596 2410 pro
1615 2350 1773 2410 opereque
1787 2335 1949 2392 serviturus

1123 2436 1155 2481 es
1169 2421 1243 2479 mihi
1262 2428 1376 2496 septem
1392 2424 1480 2480 annis
1501 2423 1577 2481 aliis.
1601 2423 1754 2499 acquievit
1770 2422 1881 2496 placito
1898 2424 1951 2481 :et

1122 2510 1316 2569 hebdomada
1328 2515 1489 2578 transacta,
1503 2512 1612 2570 Rachel
1624 2512 1710 2571 duxit
1719 2527 1857 2570 uxorem.

1159 2600 1367 2671 Antiphonul.
1379 2604 1412 2657 ln
1420 2606 1565 2660 aeternum
1574 2600 1953 2668 misericordiaDomini,et

1124 2702 1220 2762 usque
1239 2690 1270 2747 in
1289 2690 1433 2747 saeculum
1448 2691 1558 2749 veritas
1578 2691 1655 2765 ejus.
1671 2691 1816 2749 Peotmus
1829 2704 1908 2747 xcix.

1161 2778 1274 2837 Oratio.
1291 2778 1461 2837 Laudemus
1481 2780 1605 2837 Domine
1629 2794 1742 2837 nomen
1756 2782 1860 2850 tunm;
1873 2792 1954 2851 quo·

1124 2866 1209 2925 niam
1224 2867 1325 2926 suavis
1341 2883 1393 2925 es:
1410 2872 1447 2935 et,
1464 2871 1496 2925 ut
1517 2884 1553 2926 os
1567 2854 1706 2926 nostrum
1721 2867 1778 2924 tuis
1792 2866 1955 2939 impleatur

1126 2954 1277 3023 affatibus,
1291 2970 1343 3014 cor
1350 2960 1547 3033 nostrumque
1555 2957 1679 3030 instiges
1690 2960 1756 3014 :tua
1763 2954 1954 3029 proindenos

280 3050 314 3106 ln
325 3046 383 3105 illis
400 3046 507 3104 diebus
524 3062 531 3102 :
545 3045 697 3106 Proiectus
708 3044 801 3104 Jacob
814 3045 898 3104 venit
907 3044 949 3106 ad
961 3049 1071 3105 terram
1090 3075 1111 3134 0
1126 3049 1261 3120 protegat
1275 3046 1479 3106 misericordia
1491 3064 1497 3114 ;
1514 3062 1575 3122 qua
1584 3045 1755 3122 prolatatur
1763 3060 1820 3104 nos
1829 3044 1862 3103 in
1871 3048 1954 3104 atae

244 3135 431 3197 orientalem.
446 3138 480 3193 et
496 3134 572 3193 vidit
583 3138 708 3208 puteum
721 3135 849 3206 magro,
869 3142 929 3193 tres
949 3151 1073 3210 quoque
1126 3150 1201 3193 num
1215 3135 1322 3192 veritas
1338 3136 1506 3196 manifesta.
1525 3147 1561 3209 ιι.
1580 3142 1684 3195 lmen.

244 3241 351 3300 meges
364 3223 467 3283 ovium
485 3223 669 3282 accubantes
680 3223 769 3295 jnxta
780 3238 850 3280 eum
866 3240 873 3280 :
888 3238 962 3281 nam
971 3239 1008 3282 ex
1020 3223 1073 3282 illo

244 3313 478 3390 adaquabantur
485 3326 605 3386 pecora,
613 3311 752 3385 otosejus
764 3310 872 3385 grandi
878 3311 981 3386 lapide
992 3312 1074 3371 clau-

244 3399 1072 3476 debatur.Resqueeralmtcunetisovibuscongregatis

244 3492 437 3552 devolverent
451 3489 597 3566 lapidem,
616 3493 646 3547 et
669 3489 786 3548 relectis
800 3489 944 3562 gregibus
966 3507 1072 3549 rursus

246 3595 375 3654 superos
384 3580 464 3653 putet
476 3582 632 3652 ponerent.
644 3577 828 3653 Dixitquead
837 3583 977 3653 pastores
988 3597 995 3637 t
1007 3583 1074 3639 Pra-

245 3673 315 3738 tres,
329 3666 488 3727 undeeatis
497 3667 512 3725 ι
521 3668 578 3735 οιιι
585 3667 822 3744 responderunt:
836 3667 879 3726 De
893 3671 1072 3737 hran.Quoe

245 3757 445 3828 interrogans.
459 3756 611 3830 uunquid,
623 3756 674 3826 ait,
688 3757 784 3815 nostis
796 3758 898 3817 laban
909 3757 1007 3818 tilium
1017 3761 1073 3818 Na·

246 3847 345 3906 chori
359 3845 500 3903 Riserunt
514 3861 521 3901 ε
537 3845 691 3905 Novimus.
713 3849 849 3906 Sanusne
862 3851 908 3905 est
921 3847 936 3904 ι
949 3847 1048 3921 inquit
1063 3863 1070 3905 :

246 3934 339 4001 valet,
352 3933 493 4010 inquiunt
509 3950 600 3996 :eece
612 3935 723 3996 Rachel
739 3935 802 3996 illia
817 3937 883 4010 ejus
900 3936 983 3994 venit
1001 3951 1074 3995 oum

246 4039 337 4101 grege
355 4039 421 4084 sno.
442 4022 579 4100 ltixitque
595 4025 689 4084 Jacob
705 4042 713 4083 :
732 4026 839 4085 Adhuc
862 4026 992 4085 meltum
1012 4026 1074 4085 diei

1162 3223 1218 3281 Per
1232 3223 1482 3282 misericordiam.

1161 3311 1374 3385 Antiphanes.
1387 3316 1463 3372 Bene
1472 3314 1612 3374 enudate
1622 3315 1660 3374 de
1674 3315 1724 3373 die
1735 3313 1858 3374 indiam
1873 3311 1955 3371 selu·

1126 3403 1189 3460 tare
1202 3403 1330 3460 Domini.
1350 3404 1567 3464 Peotmusxcv.

1163 3491 1275 3549 Oratio.
1291 3495 1329 3549 'le
1339 3495 1433 3550 Deum
1441 3492 1597 3566 psallendo
1610 3491 1828 3562 benedicimus,
1838 3507 1875 3550 ec
1883 3505 1955 3566 pre·

1126 3593 1241 3648 cemnr,
1261 3584 1294 3638 nt
1307 3580 1390 3639 nullo
1398 3581 1555 3640 obstaculo
1568 3585 1588 3640 t
1602 3589 1653 3641 tuo
1664 3581 1878 3657 prohibeamur
1887 3579 1955 3637 olil-

1126 3668 1173 3726 cio
1189 3668 1318 3743 :quique
1326 3671 1598 3730 veroteDcminum
1608 3671 1795 3742 confitemur,
1802 3669 1889 3730 ditari
1900 3675 1954 3727 tuo

1125 3773 1250 3816 munere
1265 3759 1458 3832 indulgentie
1473 3761 1651 3821 sentiamus.
1670 3773 1704 3836 ιι.
1720 3766 1825 3819 Amen.

1161 3851 1213 3906 Per
1231 3848 1478 3908 misericordiam.

1161 3937 1334 4010 Antiphone
1349 3941 1374 3996 3.
1391 3937 1571 3997 Liberetnoe
1581 3939 1705 3998 bomine
1719 3939 1913 4004 dexteratua,
1922 3940 1953 3994 et

1126 4025 1285 4086 brachium
1300 4032 1438 4087 sanctum
1451 4031 1547 4085 tuum.
1559 4027 1701 4087 Psolmus
1714 4043 1801 4086 xcvu.

246 4119 391 4191 superest,
409 4130 465 4175 neo
478 4119 653 4192 estlempus
672 4118 704 4176 ut
715 4115 897 4176 reducentur
914 4115 956 4175 ad
969 4115 1073 4176 caulas
1162 4127 1199 4190 ιι.
1218 4117 1343 4184 Quaerite
1353 4115 1526 4189 Dominum,
1541 4117 1615 4174 dum
1624 4117 1750 4176 inveniri
1764 4117 1863 4189 potest
1880 4133 1886 4174 :
1901 4114 1951 4172 in·

246 4219 353 4280 meges
368 4221 376 4262 ε
391 4203 461 4265 date
471 4210 541 4265 ιιιιο
553 4208 661 4280 potum
674 4204 791 4278 cubus,
804 4208 834 4263 ot
846 4204 939 4263 sicad
950 4209 1073 4279 pastum
1127 4207 1231 4263 vocate
1242 4221 1323 4274 eum,
1334 4205 1507 4281 dumprope
1517 4209 1570 4264 ost.
1585 4205 1776 4280 llerelinquat
1788 4203 1951 4262 omnisim·

247 4310 298 4354 eas
313 4294 455 4356 reducite.
478 4295 535 4362 Qui
554 4294 774 4368 responderunt
788 4311 796 4350 ε
810 4297 875 4354 lion
898 4309 1071 4368 possumus,
1126 4291 1195 4366 pius
1205 4293 1285 4351 darn
1295 4308 1391 4362 suam,
1401 4298 1429 4352 et
1438 4295 1483 4352 vir
1491 4295 1612 4369 iniquus
1621 4294 1815 4366 cogitationes
1823 4307 1903 4350 suas.
1916 4289 1952 4348 P.

246 4383 345 4442 donoc
358 4383 462 4442 omnia
474 4398 586 4456 peoora
594 4390 823 4454 congregentur,
833 4386 862 4440 et
873 4397 1072 4441 amoveamus
1090 4433 1113 4489 D
1128 4381 1162 4438 Et
1173 4384 1336 4440 revertatur
1350 4383 1583 4456 unnsquisquee
1593 4382 1806 4448 viasuamala,
1818 4387 1847 4439 et
1859 4395 1953 4454 apes·

245 4471 379 4547 lapidem
386 4472 424 4530 de
431 4485 483 4532 ore
490 4470 583 4544 putei,
595 4474 628 4528 ut
637 4470 827 4544 adaquemus
835 4486 952 4544 greges.
966 4471 1074 4530 Adhuc
1128 4469 1211 4527 simis
1224 4469 1455 4542 cogitationibus
1470 4471 1545 4528 sine.
1564 4471 1597 4528 P.
1614 4473 1648 4529 ιιι
1656 4475 1829 4531 revertatur.
1841 4469 1874 4532 ιι.
1886 4468 1954 4527 Glc-
2053 4471 2054 4480 ’

246 4561 456 4635 loquebantur,
476 4564 506 4618 ot
518 4575 587 4618 ecce
602 4560 712 4618 Rachel
725 4559 866 4618 veniebat
882 4575 953 4616 cum
963 4558 1073 4617 ovibus
1126 4559 1181 4626 ria,
1194 4564 1224 4617 et
1236 4559 1343 4618 honor.
1357 4561 1526 4618 Reitcretur
1538 4571 1571 4633 ιι.

246 4650 341 4725 patris
355 4649 402 4707 eui
415 4667 423 4707 ι
436 4664 511 4706 nem
517 4663 639 4721 gregem
648 4649 716 4722 ipsa
726 4646 880 4722 pascebat
894 4649 990 4713 Quam
1001 4664 1073 4707 cum
1166 4648 1251 4720 172
1263 4647 1524 4706 Precesllieamue
1532 4663 1654 4707 omnes:
1666 4651 1699 4707 Et
1706 4663 1810 4723 preces
1821 4651 1951 4714 noshas,

245 4736 370 4798 vidisset
379 4737 482 4808 Jacob,
496 4743 526 4795 et
538 4739 627 4797 schot
639 4735 855 4797 consobrinam
865 4753 962 4804 suam,
982 4753 1072 4798 oves·
1126 4736 1261 4806 homme,
1285 4735 1421 4809 placatus
1449 4735 1576 4795 attende.
1593 4738 1627 4794 P.
1643 4737 1722 4795 Elin
1744 4733 1953 4794 misericordia

246 4824 1072 4903 queLabanavunculisui1amovitlapidemqunputeue
1125 4823 1256 4882 turonem
1270 4839 1402 4882 remove.
1414 4825 1448 4887 ιι.
1466 4825 1629 4910 Benignus,
1644 4841 1681 4884 ea
1692 4842 1761 4900 qnae
1781 4824 1950 4898 rogaberis,

246 4910 450 4974 claudebatur.
462 4915 762 4990 lltadaqnatogrege,
772 4914 924 4974 osculatus
930 4921 1070 4976 esteam:
1126 4912 1267 4979 concede,
1282 4919 1311 4971 et
1324 4913 1557 4988 postulationem
1571 4918 1715 4973 nostram.
1730 4915 1760 4971 P.
1772 4915 1805 4971 Et
1819 4915 1850 4971 in
1863 4913 1954 4970 mise·

245 4999 422 5075 elevataque
434 5019 519 5074 voce,
533 5003 624 5073 flevit,
640 5008 670 5063 et
682 5002 826 5062 indicavit
843 5004 871 5062 ei
885 5003 969 5079 quod
982 5004 1072 5064 irater
1125 5001 1304 5065 decidisti.
1326 5003 1402 5060 Deus
1416 5007 1527 5071 noster,
1539 5003 1622 5075 aperi
1633 5002 1737 5061 oculos
1749 5007 1828 5068 tuos,
1838 5007 1866 5059 et
1879 5000 1952 5058 vide

245 5088 541 5162 animaequae
550 5091 629 5149 illius
641 5091 782 5150 Rebeccae
798 5109 806 5148 ε
820 5091 909 5152 atille
925 5091 1071 5152 testinans
1125 5091 1216 5166 mala,
1232 5107 1301 5167 qnae
1311 5107 1367 5150 nos
1378 5091 1589 5165 comprimunt.
1602 5090 1633 5147 P.
1650 5093 1684 5148 lit
1692 5091 1723 5148 in
1731 5088 1952 5148 misericordia.

246 5175 551 5251 nunciavitpatrieuo.
561 5179 693 5246 Quicum
702 5180 837 5240 audisset
846 5181 961 5240 venisse
977 5182 1071 5242 iacob
1125 5180 1156 5244 ιι.
1171 5179 1953 5253 indulgentiampeccatorumnostrorumooncede,et
2052 5193 2053 5247 ι

245 5265 459 5328 tiliumsororis
466 5283 540 5336 ause,
548 5271 678 5328 cucurrit
686 5270 808 5330 obviam
817 5272 845 5330 ei
860 5290 868 5331 τ
881 5272 1071 5346 complexus·
1123 5268 1297 5342 lachrymas
1313 5268 1522 5342 poenitentum.
1540 5269 1573 5324 P.
1592 5269 1669 5325 Elin
1684 5267 1902 5327 misericordia.

245 5373 392 5432 quaeum,
407 5356 692 5432 etinosonloruens,
703 5359 1068 5420 duxitindomumauam.
1159 5357 1308 5428 Hymnus.
1326 5356 1347 5414 0
1362 5358 1525 5427 Nazarene,
1535 5354 1597 5412 lux.
1612 5357 1803 5432 Requircfol.
1820 5359 1882 5413 ιιι.

245 5445 470 5508 Auditisautem
483 5448 582 5508 cande
590 5447 713 5520 itineris,
724 5449 878 5525 rospondit
893 5467 900 5509 ε
914 5451 954 5510 οι
965 5465 1069 5508 meum
1160 5443 1476 5510 Orutbdiberetnos,
1489 5443 1819 5517 Domine,dexteratua
1834 5463 1841 5503 ι
1855 5445 1954 5520 impe·
2051 5479 2052 5492 .

245 5545 288 5599 es,
308 5543 338 5592 et
355 5553 427 5598 caro
440 5553 521 5600 mea.
535 5539 570 5598 nt
590 5544 754 5620 postquam
775 5539 890 5615 impleti
912 5542 984 5600 sunt
1002 5539 1069 5598 dies
1123 5535 1228 5611 rioque
1242 5539 1294 5597 tuo
1305 5533 1390 5595 flecte
1401 5535 1608 5610 arrogantium
1618 5537 1711 5596 corda
1724 5557 1731 5598 :
1745 5537 1889 5610 uigentes
1898 5551 1951 5594 ve·
2051 5577 2052 5584 .
