4117 6175
123 228 194 310 tuit

122 457 205 526 uuus
221 460 383 522 Samaria:
409 454 592 534 plantabunt
614 457 796 537 plantantes,
813 470 842 525 et
854 467 951 524 donec

122 553 244 626 tempus
253 550 361 617 veniat,
373 565 435 606 non
441 549 668 610 vindemiabunt
680 569 686 610 :
696 547 770 628 quia
777 550 831 612 erit
842 549 954 624 diesin

122 657 186 716 qua
201 637 377 698 clamabunt
389 632 528 694 custodes
541 637 572 696 iri
587 648 688 699 monte
713 643 872 718 Ephraim:
888 637 955 702 Sur-

122 727 194 801 gite,
211 724 413 786 ascendamus
426 727 458 783 in
471 725 542 783 Sion
556 725 596 785 ad
609 727 766 788 Dominum
774 733 866 789 Deum
883 729 953 789 not·

124 815 216 876 trum.
226 817 298 885 Quia
309 813 370 872 hac
382 813 455 873 dicit
468 815 613 874 Dominus
626 840 632 878 ι
647 819 784 879 Exultale
798 821 828 878 in
843 819 956 878 laetitia-

126 905 232 974 iacob,
244 908 273 964 et
281 900 396 962 hinnite
406 909 510 964 contra
524 905 757 980 'caputgenttum
773 913 954 983 :personate

127 994 235 1063 canite,
249 998 279 1052 et
293 993 381 1052 dicite
401 1009 409 1051 ε
431 993 520 1054 Salva
542 992 668 1055 Domine
690 997 839 1074 populum
858 1002 956 1072 tuum,

140 1079 284 1158 reliquias
306 1075 408 1139 lsrael.
421 1093 456 1155 q.
468 1079 573 1142 tmen.

165 1169 448 1254 Damasiaiirginls
470 1180 581 1239 Proles.
606 1180 799 1258 Supplicatio.
820 1178 954 1244 Ursinus.

128 1273 241 1342 Quare.
252 1271 308 1341 sol.
335 1285 438 1326 cmx.

167 1355 683 1432 Capitata.Deus,quiSanctostuos
703 1362 956 1421 unioadilectione

127 1448 347 1522 complectaris,
358 1449 387 1504 el
401 1447 524 1520 gemina
538 1443 578 1506 ad
593 1451 621 1506 te
633 1447 777 1509 charitate
801 1451 956 1509 tendentes

128 1533 325 1596 sacularibus
338 1536 440 1594 evellis
454 1535 597 1594 erumnis
611 1557 619 1608 ;
631 1540 733 1614 accipe
746 1539 883 1597 Ecclesia
898 1533 956 1598 tuce

127 1628 230 1684 votiva
242 1623 500 1697 congratulatione
516 1620 667 1701 obsequia
683 1630 742 1696 rut,
757 1624 809 1703 qui
824 1627 957 1687 dilectio·

127 1731 171 1772 ne
184 1729 334 1772 memores
349 1713 474 1785 Virginis
489 1715 629 1772 meritum
647 1715 848 1792 predicamus
862 1717 957 1774 hono
971 1716 995 1780 Β

127 1820 196 1862 ram
208 1820 216 1871 3
227 1801 404 1876 proficiente
418 1803 450 1859 ia
463 1802 551 1860 nobis
561 1804 703 1863 bonitatis
717 1807 893 1878 augmento,
904 1821 958 1879 per

128 1892 308 1950 charitatem
317 1889 455 1965 proximi,
466 1897 525 1950 tuce
538 1908 659 1967 quoqne
685 1909 856 1959 mereamur
870 1893 958 1952 dilac-

129 1981 207 2040 tioni
222 1981 371 2040 connecti.

172 2072 259 2129 Pater
272 2077 381 2128 noster.
404 2070 533 2129 liberati
547 2087 566 2128 a
578 2059 671 2132 rnalo.
682 2074 739 2145 fot.
754 2077 781 2131 2.

168 2156 565 2232 icada.Sicutpalma,fcl.
591 2178 691 2222 clxxx.
703 2154 881 2220 Benedictio.
904 2150 960 2220 iio-

128 2249 236 2306 minus
247 2249 334 2305 lesus
349 2245 554 2323 Christus,qui
571 2249 718 2324 virginem
733 2267 820 2309 snam
829 2251 862 2308 ll.
877 2251 959 2320 Quae·

127 2339 204 2397 reia
217 2337 378 2395 Materiale
394 2339 636 2408 precedentium.

167 2425 306 2502 [cmxii]
319 2428 354 2486 In
363 2427 487 2484 nomina
502 2428 619 2486 Domini
631 2427 730 2488 nostri
748 2431 820 2487 lesu
843 2424 959 2500 Christi,

128 2518 189 2574 etc.

168 2604 233 2663 Fial
245 2607 485 2665 commemoratio
499 2607 533 2664 ut
552 2605 674 2678 infolio
691 2623 763 2665 can.

274 2724 510 2796 {mmm
532 2723 820 2797 ommium!

456 2870 515 2922 srvit
526 2879 654 2922 nisraruu

332 2967 560 3050 reaumaus
582 2989 763 3051 uramus.

440 3122 484 3179 aa
497 3122 646 3193 vepera.

171 3236 284 3296 Lauda.
297 3232 507 3296 laudaverunt
516 3238 554 3303 te,
566 3234 701 3303 Domine,
724 3252 830 3295 omnes
856 3229 963 3309 Angeli

133 3328 190 3395 tui,
203 3332 233 3385 et
249 3327 399 3403 hymnum
411 3320 562 3394 dixa'runt,
587 3312 662 3385 dum
688 3324 846 3401 perficeres
872 3324 963 3416 labri-

134 3415 292 3476 oamooeli.
302 3419 382 3474 Tuus
392 3420 437 3474 ast
450 3414 524 3484 dies,
541 3418 569 3475 et
588 3420 693 3475 tuaest
717 3432 800 3475 nox:
822 3417 854 3473 P.
870 3410 911 3473 rii
922 3411 962 3473 ie·

133 3504 302 3563 cistisoiem
320 3510 349 3562 et
368 3504 486 3562 lunam.
506 3504 537 3567 it.
548 3506 592 3561 i'u
613 3503 796 3561 confirmasti
809 3504 841 3561 iri
858 3496 963 3562 virtuti

133 3598 283 3652 turmore
304 3583 533 3651 :contribulasti
553 3593 652 3667 eapite
678 3590 846 3651 draconum
873 3600 965 3669 snper

134 3688 243 3748 aquas.
259 3670 292 3730 P.
309 3674 352 3731 l'u
377 3672 485 3730 iecisti.

174 3761 318 3821 Dominus
330 3760 367 3819 sit
381 3774 509 3835 semper.
523 3761 594 3835 radi
608 3774 688 3819 oum.

174 3852 278 3911 donar.
294 3848 429 3909 Alleluia.
444 3850 663 3926 Jnsdtiaplena
686 3854 731 3909 est
757 3849 880 3909 dextera
900 3854 963 3909 tua.

139 3944 265 3999 Loetetur
278 3955 367 3998 mons
380 3939 450 3997 Sion
472 3941 500 3998 et
514 3937 646 3998 exultent
659 3938 728 3997 illita
744 3936 830 3997 tuda
843 3937 873 3997 P.
896 3940 965 3999 Pro·

656 225 828 312 osricittl'ti
846 227 1089 314 munitlun
1107 231 1299 322 midioen.
1363 313 1367 324 .
1429 294 1431 306 ι

121 363 216 433 ahora
222 363 951 449 psallentumtdntopla'utastsvtneamlnmon·
965 377 991 437 Α

1342 373 1371 448 il
1390 381 1486 449 maur.

1147 461 1226 542 iesu,
1240 475 1352 535 corona
1370 407 1539 552 iuglandi,

1114 560 1208 630 Quem
1220 565 1316 622 mater
1328 562 1379 623 illa
1393 555 1533 644 concipit,

1114 647 1209 717 Quem
1222 652 1286 710 sola
1298 651 1386 726 Virgo
1398 641 1524 728 parturii
1538 675 1546 727 ;

1113 733 1180 821 lisso
1193 744 1264 798 vota
1272 737 1404 800 clemens
1416 743 1529 820 accipe.

1151 816 1315 902 Ouipsscls
1326 832 1403 890 inter
1414 833 1490 893 lilia.

1116 917 1219 988 septus
1235 918 1352 977 choreis
1364 921 1523 994 virginum,

1116 1005 1250 1077 Sponsus
1262 1007 1389 1068 decorus
1405 1001 1510 1082 gioria,

1116 1075 1298 1170 Sponsisque
1318 1097 1448 1158 reddens
1469 1097 1605 1176 premia.

1151 1177 1346 1259 Quocumque
1363 1185 1472 1263 pergis,
1489 1191 1620 1266 Virgines

1117 1272 1276 1344 sequntur,
1302 1265 1392 1349 atque
1405 1268 1555 1337 laubibus

1116 1357 1188 1417 Post
1202 1363 1230 1418 te
1245 1369 1384 1422 canentes
1402 1367 1559 1426 cursitant.

1115 1443 1312 1524 Hymnosque
1326 1440 1428 1511 dulces
1449 1436 1601 1516 insonani.

1151 1539 1189 1595 Te
1203 1537 1402 1614 deprecamur
1424 1528 1548 1615 largius,

1116 1625 1229 1684 Nostris
1240 1625 1358 1702 adauge
1371 1633 1535 1707 mantibus,

1115 1714 1233 1773 Nescire
1244 1731 1367 1792 prorsus
1391 1723 1495 1780 omnia

1117 1800 1321 1876 corruptionis
1341 1806 1477 1868 vulnera.

1152 1887 1298 1965 Deopatri
1314 1895 1351 1954 sit
1375 1896 1484 1971 giorIa,

1117 1976 1246 2064 titusque
1258 1981 1405 2047 soiililio.

1118 2069 1193 2128 Cutn
1206 2063 1315 2144 Spiritu
1327 2075 1480 2146 Paraolito,

1119 2161 1152 2215 ln
1164 2161 1347 2234 sempiterna
1365 2166 1486 2224 secula.

1154 2247 1260 2305 Amen.
1743 2325 1746 2335 Ι

1048 2331 1242 2408 supplicatio.
1250 2339 1375 2397 oremus
1382 2333 1613 2418 Redemptorem
1628 2338 1735 2402 mundi
1741 2338 1839 2402 Domi·

1012 2434 1088 2483 num
1102 2417 1589 2505 nostrumlasumChrisinm,oum
1598 2421 1841 2511 omnisuppiica·

1013 2522 1095 2581 tione
1107 2513 1265 2596 rogemus;
1281 2531 1314 2582 ut
1323 2544 1377 2600 per
1392 2531 1519 2600 gratim
1529 2533 1633 2606 ipsius,
1647 2538 1676 2592 et
1689 2549 1742 2607 per
1753 2530 1841 2590 inter·

1014 2610 1185 2668 cessionem
1199 2611 1393 2682 intemerata,
1405 2617 1767 2696 sigloriosa,semperque
1781 2620 1841 2678 Vir-

1016 2694 1095 2773 ginis
1103 2695 1202 2758 Marias
1212 2701 1363 2772 genitricis
1373 2705 1448 2784 ejus,
1458 2711 1665 2768 etsanctarum
1674 2709 1840 2780 virginum,

1017 2791 1046 2845 et
1060 2781 1228 2861 martyrum
1236 2805 1360 2849 suarum
1368 2793 1406 2852 N.
1415 2793 1454 2852 N.
1463 2794 1552 2853 nobis
1559 2795 1686 2854 salutem
1693 2795 1804 2854 anima
1812 2799 1842 2854 et

1017 2873 1161 2948 eorporis,
1172 2879 1200 2936 et
1211 2878 1418 2939 remissionem
1428 2889 1783 2960 peccatorum,et.pacsm
1795 2883 1843 2942 tri·

1018 2963 1112 3021 bucce
1123 2959 1271 3038 dignetur.
1288 2979 1320 3042 lq.
1331 2970 1557 3032 Praestaaeterne
1567 2973 1842 3048 omnipotensDeus

981 3052 1238 3127 gllyriaeleison.
1265 3069 1299 3131 g.
1323 3059 1580 3134 christeleieison.
1602 3065 1690 3143 llyria
1717 3064 1843 3139 eleison.

1026 3223 1030 3229 ‚
1057 3140 1210 3214 Capitate.
1226 3138 1422 3225 omnipotens
1437 3154 1616 3229 sempiterne
1626 3139 1714 3223 Dans,
1724 3148 1777 3233 qui
1790 3154 1844 3214 bo

1017 3225 1842 3313 nitateirianarrabiliredimisomnia;interveniamus·

1018 3314 1118 3369 tarum
1127 3312 1165 3371 N.
1176 3314 1368 3387 N.virginum
1381 3323 1410 3377 et
1416 3326 1585 3395 martyrum
1596 3316 1724 3381 orationi
1733 3328 1844 3381 nostra

1017 3392 1122 3457 aurarii
1136 3406 1194 3459 tue
1204 3398 1455 3479 pietatisInclina3
1469 3405 1498 3468 'et
1512 3416 1615 3468 contra
1627 3404 1783 3469 invisibilis
1791 3414 1844 3469 iso·

1017 3490 1070 3546 stis
1095 3492 1284 3553 amarissima
1306 3490 1365 3555 tela
1392 3498 1574 3571 tentationis,
1595 3496 1726 3583 qictdoia
1750 3498 1840 3557 nobis

1015 3576 1088 3635 fidei
1113 3578 1232 3655 porrige
1257 3599 1344 3642 arma
1359 3601 1366 3641 :
1383 3591 1414 3644 ut
1438 3589 1490 3661 qui
1513 3582 1702 3647 altitudinem
1739 3589 1839 3647 cordis

1016 3669 1114 3725 nasim
1129 3664 1169 3727 ad
1181 3670 1299 3731 excelsa
1313 3672 1378 3731 salii
1396 3674 1438 3733 tui
1452 3676 1621 3751 dirigimus,
1651 3694 1671 3737 a
1694 3676 1843 3763 conventu

1018 3755 1251 3828 malignantium
1275 3760 1307 3818 in
1328 3762 1386 3821 hac
1406 3764 1574 3825 hnmilitate
1594 3767 1741 3827 terrarum
1766 3764 1844 3827 reia

1018 3842 1090 3902 fidei
1102 3848 1284 3918 protectione
1311 3850 1471 3911 salvemur.

1056 3932 1140 3993 Pater
1147 3942 1255 3995 noster.
1284 3929 1441 4001 Liberalia
1456 3934 1548 4023 idalo.
1560 3927 1619 4017 fot.
1632 3930 1662 4004 ¹2.

137 4035 206 4105 pter
227 4028 342 4102 judicia
368 4032 432 4087 nra.
458 4026 594 4096 Alleluia,
614 4026 746 4087 alleluia.
758 4024 791 4089 i.
825 4026 963 4087 Alleluia.
1057 4022 1240 4083 Benedictio.
1260 4026 1405 4087 Dominus
1419 4028 1504 4089 lesus
1523 4024 1666 4104 Christus,
1687 4026 1738 4111 q'ut
1752 4028 1797 4092 'vir
1820 4032 1844 4079 ’-

138 4120 264 4192 liagnus
274 4117 431 4189 Dominus,
439 4113 634 4175 etlaudabitis
641 4116 731 4174 valde
741 4115 774 4174 in
784 4110 902 4175 ciiitate
915 4112 967 4175 Dei
1020 4125 1074 4167 Ποῦ
1084 4114 1203 4171 suttN·
1216 4114 1341 4175 Matio
1356 4118 1413 4176 sihi
1425 4118 1687 4195 servavitpudorc,
1703 4049 1846 4182 ttfifiiaiit

137 4208 234 4267 nostri
244 4207 275 4265 in
289 4211 388 4265 monte
402 4209 507 4264 sancto
521 4207 597 4280 ejus.
617 4204 750 4264 Dilatans
770 4204 967 4265 exultationes
1021 4212 1078 4256 110³
1092 4198 1173 4259 dono
1188 4204 1359 4263 munificet:
1376 4217 1407 4280 lq.
1417 4202 1522 4265 Amen.
1540 4206 1637 4283 Eitini
1649 4208 1716 4269 illas
1726 4204 1844 4269 subarr-

137 4298 288 4355 universa
298 4302 395 4354 terras.
406 4294 438 4352 P.
451 4296 570 4369 Propter
589 4290 714 4368 iudicia.

174 4379 510 4459 Dotlrinussitsemper.
533 4396 565 4455 tt.
595 4382 720 4443 ilicum.

189 4476 374 4546 Amtiptoaa.
385 4474 460 4532 licor
474 4474 537 4530 istra
550 4472 698 4545 religiose
718 4470 836 4531 lamina
850 4467 966 4549 patien-

140 4567 224 4622 taset
233 4568 333 4630 emta,
349 4577 452 4620 euram
465 4562 575 4621 domus
588 4577 650 4620 suae
674 4568 831 4635 gerentes:
846 4556 876 4621 P.
888 4560 967 4627 athir

138 4652 332 4720 habentes,ot
344 4644 648 4725 om'niapossidentes.
662 4662 696 4723 tq.
709 4652 776 4710 Dec
787 4655 832 4710 est
844 4670 965 4727 gonera-

138 4741 183 4799 tio
205 4740 404 4814 quarentium
426 4741 596 4809 Dominum,
611 4740 829 4814 requirentium
857 4741 966 4804 taciem

139 4830 193 4887 Dei
204 4828 313 4887 labob.
324 4829 354 4885 P.
371 4831 479 4887 Duram
501 4828 622 4888 domus.
636 4829 668 4892 tt.
689 4830 796 4899 Gloria,
818 4836 848 4889 at
867 4832 966 4893 honor

139 4916 231 4976 Patri.
246 4917 277 4973 P.
290 4916 368 4974 Nihil
379 4916 535 4976 habentes.

176 5006 323 5065 Dominus
333 5006 373 5063 sit
384 5022 512 5081 semper.
528 5018 561 5081 tt.
575 5010 610 5066 ltt
634 5022 716 5066 cnm.

176 5088 291 5146 laada.
305 5087 383 5145 i'illae
395 5088 663 5158 tua,iliernsalem,
676 5089 708 5146 in
726 5088 817 5149 latere
832 5097 965 5166 surgant.

135 5180 174 5242 ri.
191 5174 405 5244 l'uncridebis,
418 5184 446 5235 et
469 5178 586 5245 afflues,
616 5174 647 5233 P.
658 5161 692 5235 'st
711 5172 886 5238 dilatabitur
912 5199 965 5243 cor

136 5280 236 5335 tuum.
248 5262 381 5339 Alleluia,
397 5264 526 5341 alleluia,
542 5262 670 5327 alleluia.
699 5264 730 5330 t.
747 5266 851 5326 Lauda
863 5258 973 5328 Hiera-¹

137 5350 235 5409 salem
249 5354 427 5414 Dominum:
443 5359 472 5413 at
497 5356 636 5417 collauda
659 5360 755 5416 Deum
772 5362 857 5416 tuum
878 5358 962 5421 Sion.

136 5434 268 5588 aldire
281 5440 409 5502 videbis·
423 5440 455 5508 i.
466 5444 574 5515 Gloria,
587 5448 617 5505 et
640 5448 746 5507 honor.
770 5446 800 5506 P.
815 5438 850 5508 nt
860 5446 966 5511 dilata

163 5542 174 5585 l
188 5541 233 5591 ur.

1019 4286 1105 4347 havit
1117 4284 1173 4348 stul
1182 4286 1440 4362 annuiofldei,nos
1449 4314 1510 4354 suae
1516 4302 1674 4359 connectat
1685 4294 1845 4359 indissolu-

980 4368 1073 4479 Dbffl
1085 4376 1240 4439 chintati:
1256 4377 1287 4445 it.
1299 4387 1399 4442 Amen.
1413 4382 1449 4443 iil
1463 4401 1515 4444 aas
1524 4403 1580 4463 pro
1595 4382 1683 4446 nobis
1707 4384 1789 4463 'apud
1811 4382 1844 4447 sd

1022 4464 1243 4539 emungentes
1255 4470 1487 4548 admittat,quas
1498 4474 1555 4533 sibi
1571 4472 1739 4553 indisrupto
1755 4492 1840 4537 amo·

1020 4557 1053 4612 rtl
1069 4558 1234 4633 assumpsit
1249 4563 1389 4633 sponsas.
1406 4566 1439 4636 tt.
1455 4562 1559 4624 Amen.

1052 4644 1119 4704 Per.

1056 4736 1170 4794 Lauda.
1186 4737 1328 4798 Enattatae
1343 4744 1412 4799 sunt
1427 4742 1496 4801 filias
1511 4743 1703 4810 Hierusalem,
1727 4746 1756 4801 et
1778 4756 1846 4817 pro·

1021 4830 1175 4885 cesserunt
1187 4826 1218 4885 in
1230 4826 1335 4900 gloria.
1345 4830 1480 4902 Alleluia,
1505 4832 1635 4891 alleluia.
1662 4830 1692 4893 t.
1721 4832 1845 4891 tacetur

1019 4910 1109 4975 dions
1122 4910 1203 4987 Sinti,
1214 4911 1243 4976 tt
1257 4900 1389 4978 mutem
1402 4920 1471 4978 filias
1485 4922 1579 4989 luda,
1594 4923 1716 4995 propter
1731 4919 1845 4994 judicia

1020 5004 1221 5065 tuaDomine.
1244 5006 1274 5062 P.
1295 5011 1325 5065 et
1336 5014 1559 5082 processerunt.
1571 5009 1603 5072 t.
1626 5009 1766 5069 Gloriari
1791 5009 1845 5067 ho

1019 5108 1077 5151 nor
1087 5094 1173 5160 Patri,
1185 5100 1240 5152 otc.
1251 5096 1281 5153 P.
1294 5100 1323 5155 et
1347 5103 1567 5171 processerunt.
1601 5160 1612 5179 .

1055 5181 1171 5279 pratia
1186 5182 1298 5244 Adesto
1306 5186 1440 5244 Domine.
1450 5184 1554 5255 Qumis
1564 5188 1650 5261 iasra
1662 5186 1696 5246 ia
1709 5186 1772 5247 istis
1782 5188 1845 5247 lla·

1020 5272 1134 5329 latinis.

1303 5355 1349 5423 Ad
1369 5347 1559 5425 liatutiaam.

1055 5452 1100 5509 Da
1113 5449 1201 5511 nobis
1210 5450 1345 5515 letitiam
1369 5454 1509 5515 salutaris
1518 5456 1716 5533 tui2Pratmtta
1730 5474 1757 5519 a.
1771 5456 1846 5523 Ora·

1018 5530 1073 5605 tt'o.
1086 5520 1187 5601 liedda
1200 5529 1288 5603 nobis
1301 5535 1436 5607 tecuam
1451 5548 1634 5622 Quaresatia
1645 5562 1736 5617 canii,
