4117 6175
657 377 901 446 stauratium
921 377 1086 447 *mla
1105 381 1283 449 tibuatur.
1753 388 1824 454 leae

960 517 985 574 a
1105 515 1208 578 l'ardie
1222 509 1376 586 gresslbus
1395 513 1531 574 lbtruaut
1546 518 1703 593 inignem.

189 503 305 560 liecum
319 505 393 563 state
405 505 461 564 riri
473 516 482 564 t
496 511 586 567 aeaut
598 513 739 568 eruentus

189 591 274 666 [ears]
283 591 330 648 ad
336 607 458 666 paenam
469 595 591 655 coluber
605 598 657 656 llel
675 599 852 660 ministres:

187 681 325 738 liemare
340 686 456 751 terreat,
472 701 510 742 en
526 695 631 758 parata
651 687 762 760 palma.

227 771 333 828 carcer
343 769 523 832 Christicolis
537 775 651 845 gradus
674 782 854 843 ceronnam,

189 861 296 917 Caroea·
309 861 447 934 provehit
455 862 495 920 ad
507 865 722 935 supernacrell,

188 949 445 1008 Carcereonciliat
457 953 554 1010 lleum
569 954 664 1012 beatis
681 971 689 1011 r

189 1036 241 1094 llis
259 1036 355 1105 dialis,
369 1037 483 1097 adeunt
497 1055 623 1114 specum
634 1056 768 1101 reorum.

225 1126 370 1185 Exercent
388 1127 444 1186 tibi
453 1131 615 1202 mysticum
628 1131 795 1202 teramum,

190 1217 225 1272 lit
238 1230 409 1288 purgamen
423 1233 531 1291 aquae:
548 1224 671 1294 stupent
680 1223 825 1282 tenebrare

191 1304 245 1361 Ser
256 1303 306 1362 hie
315 1304 464 1362 continuis
474 1306 568 1366 latent
581 1308 697 1375 diebus,

188 1391 322 1450 Tandem
332 1397 413 1451 stant
423 1395 514 1452 uueis
527 1396 568 1453 ed
586 1398 719 1456 bibunel
732 1397 839 1457 hostia

224 1482 340 1537 Fratres
345 1483 527 1552 tergeminos
538 1489 670 1543 mmunt
682 1487 821 1548 castatail.

188 1569 283 1628 luder
296 1570 475 1628 AEmilianus
483 1572 673 1641 imminebat,

190 1660 292 1724 Aban,
307 1657 456 1728 turbidus,
469 1660 612 1728 insolens,
628 1664 775 1737 protenus

123 1779 127 1788 ·
190 1747 266 1805 liras
279 1747 465 1806 daemonicas
474 1750 531 1808 coli
538 1750 675 1823 iubebat.

227 1836 281 1906 Tu,
294 1838 348 1910 qui
358 1839 476 1905 hoctor,
490 1840 542 1906 ait,
558 1841 631 1898 seris
643 1842 794 1902 novellum

190 1926 359 1984 tlommenti
370 1941 477 1997 genus,
488 1932 522 1987 ut
530 1928 597 1986 lere
610 1931 719 2003 puellm

191 2016 286 2072 Lucos
297 2013 469 2081 destituant,
482 2018 588 2074 lovem
600 2017 773 2093 relinquent
786 2037 796 2078 r

190 2105 332 2173 Demeas,
347 2103 373 2159 si
385 2104 497 2176 sapies,
509 2105 636 2176 Augusti
647 2107 775 2179 dogma.

226 2194 350 2249 luseum
364 2193 544 2251 ostensuris
561 2209 613 2252 ore
624 2196 759 2263 (taliani,

191 2280 279 2347 ssued
288 2280 427 2355 princeps
442 2281 521 2347 colit,
541 2287 574 2340 ut
584 2282 723 2343 colemus
737 2301 856 2348 omnes.

191 2368 353 2440 ilaeieuti,
368 2370 506 2444 placidus
521 2372 609 2430 relert
621 2375 786 2434 Sacerdote

190 2460 345 2516 ditemum
359 2458 427 2518 colo
436 2460 734 2533 principem,dieram

227 2549 393 2613 Fautorem,
408 2548 630 2623 hominumque
641 2552 775 2618 baliani,

193 2637 228 2694 ut
236 2635 385 2694 dhdstum
394 2636 643 2710 Petreprosatum
656 2643 791 2713 perenni,

194 2724 286 2796 cujus
300 2739 370 2783 sum
379 2724 523 2790 tamaius,
539 2727 701 2800 gregisque
714 2731 829 2789 Pastor.

195 2812 359 2871 Subridens
374 2813 472 2873 attilia
487 2830 494 2871 :
509 2813 578 2871 lam
590 2813 686 2873 luisti.

228 2903 286 2958 ileo
295 2900 394 2960 dihert
403 2901 499 2968 iuror,
512 2906 563 2960 aut
576 2905 708 2963 retrenat
734 2907 823 2972 bam,

194 2989 426 3048 Surisdeetinat
443 2991 567 3063 ignibus
587 2991 786 3053 cremandos:

193 3077 360 3145 Exsultant,
372 3079 591 3155 prohibentque
599 3082 671 3140 llere
682 3083 817 3157 vulgum.

192 3168 346 3235 Quosdam
356 3168 608 3243 depopulavidet
626 3172 768 3231 sacerdos

231 3255 397 3316 hibendm
411 3258 469 3315 sibi
480 3258 622 3331 poculum
631 3261 791 3322 ollerentee
805 3278 815 3324 a

191 3342 379 3416 lejunemus,
396 3345 446 3412 ait,
460 3362 570 3404 recuso
583 3352 690 3421 potum
703 3369 713 3423 ;

192 3433 333 3491 Nondum
344 3450 427 3493 nona
436 3435 517 3493 diem
528 3437 661 3507 resignet
673 3439 770 3499 horat

192 3523 365 3596 Numquam
374 3523 552 3583 conviolabo
566 3526 635 3597 eius
644 3526 791 3595 dicatum,

229 3612 288 3668 Nee
306 3628 387 3669 mors
399 3612 469 3685 ipsa
482 3629 586 3672 meum
600 3631 723 3675 sacrum
734 3618 885 3690 resolvet;

196 3697 246 3756 Sic
261 3700 393 3759 Christus
406 3701 511 3760 sitiens
532 3702 633 3761 Crucis
647 3704 706 3764 sub
714 3706 791 3767 hora

197 3788 337 3847 Oblatum
351 3789 409 3848 sibi
419 3790 564 3864 poculum
574 3807 735 3853 recursans

194 3879 253 3936 Nee
266 3877 484 3946 libarerolens,
508 3880 589 3940 sitim
598 3884 724 3956 peregit.

230 3964 345 4023 latrant
357 3965 470 4025 interea
482 3968 584 4027 locum
598 3971 731 4029 rotunda

195 4054 376 4113 conclusum
400 4072 502 4124 cauea,
519 4056 648 4116 medens
668 4059 802 4119 terarum

194 4143 282 4202 llulto
297 4145 453 4215 sangiune,
466 4160 555 4219 quem
565 4146 651 4205 furor
661 4147 843 4223 frequentet,

195 4233 270 4289 Cum
283 4234 453 4304 spectacula
463 4240 651 4309 perstrepunt
664 4243 800 4297 cruenta.

227 4322 270 4377 Ao
286 4321 348 4378 silis
359 4322 520 4396 gladiator,
535 4340 609 4382 ense
622 4324 711 4395 duro,

195 4410 357 4469 Percussus
373 4412 496 4479 caditat
507 4413 609 4472 fremit
619 4414 771 4489 voluptas,

194 4498 245 4555 liic
256 4498 434 4560 flammante
447 4518 535 4575 pyra,
547 4504 634 4576 niger
647 4506 783 4563 minister

194 4587 311 4645 ardens
323 4590 508 4663 supplicium
522 4608 630 4665 parare
638 4594 754 4664 jussus,

232 4677 402 4737 construxit
413 4680 549 4739 fascibus
562 4696 670 4753 rogum
685 4684 854 4757 supremist

197 4766 252 4833 Oui
266 4782 335 4825 cum
348 4785 479 4842 corpora
492 4772 718 4830 concremanda
730 4774 828 4843 solvit,

195 4854 353 4913 Ferventes
372 4857 492 4917 animas
500 4873 604 4918 amore
615 4860 702 4928 lueis,

198 4944 302 5002 Fracto
315 4946 443 5004 carceris
455 4947 609 5020 expediret
618 4953 715 5008 anuo.

233 5034 352 5093 Certum
364 5034 470 5093 ciliciis
484 5036 526 5109 pii
542 5036 683 5095 sedales:

196 5119 308 5178 Plautia
326 5123 524 5183 calciamenta
535 5124 705 5193 dissolutis,

197 5211 312 5267 Pronus
326 5212 483 5271 detrahere
496 5213 626 5271 audebat
640 5228 730 5271 unus.

196 5298 256 5356 Sed
271 5307 394 5360 sanetus
406 5307 487 5361 vetat
500 5318 554 5361 ora
573 5304 759 5361 Fructuosus

232 5388 378 5449 inclinata
388 5392 494 5464 premi
509 5408 516 5448 :
533 5391 685 5459 facessite,
700 5393 811 5467 inquit,

197 5477 239 5533 Ne
252 5484 387 5536 nostram
396 5483 501 5550 gravet
514 5478 680 5554 obsequele
693 5486 833 5540 mortem.¹

198 5566 235 5622 at
245 5566 321 5638 quin
334 5568 399 5641 ipse
411 5584 498 5627 meos
507 5566 602 5642 pedes
613 5570 776 5643 resolvam,

198 5654 240 5712 lie
248 5656 376 5731 vestigia
383 5657 550 5733 praepedita
567 5658 676 5719 vindis

1070 604 1268 662 Certamenta
1279 602 1378 675 rigant
1392 615 1484 674 genas
1495 597 1651 666 madentes
1667 603 1682 665 l

1070 694 1126 750 Cur
1138 692 1226 748 verbi
1239 705 1365 757 memor,
1383 691 1511 760 utilem,
1528 695 1642 766 rogatis
1656 697 1672 752 l

1070 779 1190 837 (lunatis
1204 791 1259 853 pro
1269 780 1391 853 populls
1404 781 1520 852 rogaho
1536 783 1698 843 Christum·

1109 869 1163 925 Vix
1178 869 1242 926 hac
1251 867 1395 941 ediderat,
1404 871 1518 928 relaxet
1533 871 1601 944 ipse

1070 957 1249 1016 Indumenta
1263 959 1385 1031 pedum,
1399 958 1482 1016 velut
1491 960 1617 1033 lloyses,

1071 1043 1240 1114 Quemdam
1253 1045 1364 1104 iecerat
1377 1046 1417 1104 ad
1433 1047 1544 1105 rubum
1559 1049 1789 1125 propinquarum

1071 1139 1135 1193 tlon
1144 1134 1260 1192 oalume
1274 1149 1392 1192 sacram
1408 1135 1636 1210 cremationem,

1107 1227 1164 1281 Aut
1174 1223 1292 1280 adstare
1304 1223 1364 1280 neo
1374 1223 1459 1297 prius
1473 1223 1592 1292 licebat,

1072 1315 1170 1380 Quam
1182 1311 1308 1382 vestigia
1322 1325 1399 1384 pura
1413 1311 1587 1382 figerentur.

1072 1400 1176 1459 Stabat
1188 1399 1271 1458 ealce
1294 1411 1397 1456 mera:
1414 1399 1539 1458 resultat
1550 1417 1620 1460 ecee

1071 1488 1151 1546 Coelo
1161 1487 1294 1562 spiritus,
1308 1490 1337 1544 et
1350 1487 1420 1544 serit
1429 1486 1592 1560 loquelam,

1107 1578 1180 1642 ouae
1191 1578 1314 1632 cunetas
1325 1574 1487 1633 tremefecit
1498 1577 1668 1637 audientes.

1071 1668 1136 1724 Nou
1147 1670 1200 1732 est,
1216 1662 1337 1730 credite¹
1352 1676 1554 1736 pernequam
1568 1666 1682 1734 ridetis,

1073 1756 1144 1821 Qua
1154 1757 1266 1825 punctu
1281 1751 1362 1809 leniri
1373 1753 1477 1810 eilatat
1488 1753 1600 1824 ransit;

1071 1846 1130 1900 lieo
1139 1842 1233 1900 vitam
1243 1841 1321 1914 rapit
1335 1839 1396 1908 illa,
1414 1841 1467 1898 sed
1481 1841 1633 1902 reformat.

1108 1928 1344 1996 Peliaesanimae,
1360 1927 1471 2002 quibus
1484 1944 1539 2002 per
1557 1931 1659 2003 ignem

1072 2018 1320 2088 celsascandare‚
1335 2017 1459 2088 conugn
1471 2017 1628 2077 Tonantist

1072 2107 1154 2177 Quas
1166 2107 1239 2165 elim
1251 2106 1345 2178 fugiet
1356 2106 1495 2179 perennis
1509 2106 1597 2180 ignis.

1072 2199 1140 2254 llaec
1151 2196 1228 2252 inter
1237 2193 1349 2266 rapidis
1363 2192 1448 2250 locos
1461 2199 1618 2266 crepantes

1107 2285 1221 2342 lntrent
1234 2281 1386 2356 passibus,
1397 2285 1426 2339 et
1437 2281 1595 2341 minantur
1603 2283 1663 2356 lpsi

1072 2373 1276 2430 Flammarum
1285 2369 1502 2442 crepitantibus
1514 2371 1655 2429 caminis.

1072 2464 1170 2520 Naxus
1183 2460 1323 2533 denique,
1336 2459 1390 2532 qui
1403 2473 1514 2516 manus
1528 2463 1694 2520 retrorsum

1072 2551 1105 2607 ln
1120 2555 1235 2620 tergum
1250 2549 1468 2605 renovaverant
1477 2549 1634 2614 revinctas,

1109 2639 1222 2695 intaeta
1235 2637 1302 2692 cute
1316 2632 1460 2691 decidunt
1470 2633 1581 2692 adusti

1073 2729 1137 2784 Non
1157 2739 1232 2782 ausa
1245 2726 1292 2779 est
1303 2721 1443 2779 cohibere
1459 2736 1551 2793 poena
1563 2721 1683 2793 palmas

1073 2815 1107 2871 ln
1116 2827 1233 2871 morem
1247 2811 1349 2868 Grecis
1361 2809 1401 2867 ad
1411 2811 1528 2868 Petrum
1539 2809 1708 2868 levendesa

1075 2901 1166 2961 Solvit
1179 2899 1313 2965 brachia,
1324 2913 1394 2972 quar
1405 2900 1499 2955 Deum
1512 2905 1683 2971 precentur·

1110 2990 1279 3048 Priscorum
1291 2986 1444 3061 specimen
1457 2987 1545 3044 trium
1561 2993 1693 3060 putares,

1075 3078 1156 3149 Quos
1168 3076 1240 3135 olim
1250 3075 1468 3149 Babylonicum
1482 3075 1651 3149 perignem

1076 3169 1235 3226 cannales
1248 3164 1364 3239 stupuit
1371 3169 1496 3223 hemena
1519 3167 1689 3239 Tyrannus,

1076 3257 1138 3315 lllis
1149 3254 1398 3329 sedpieilamma
1413 3260 1483 3312 tune
1497 3258 1641 3328 pepercit.

1111 3345 1252 3404 Nondum
1261 3348 1395 3415 tempore
1407 3342 1557 3415 passionis
1569 3348 1652 3415 apto.

1077 3438 1135 3493 Nec
1151 3432 1256 3491 mortis
1269 3431 1363 3488 decus
1379 3430 1542 3489 inchoante
1554 3430 1680 3490 Christo.

1076 3527 1146 3589 llos,
1165 3538 1235 3580 eum
1249 3518 1408 3593 diffugeret
1422 3531 1570 3594 vaporeus
1581 3520 1681 3587 ardor,

1076 3615 1178 3677 Orant,
1193 3609 1311 3669 uteeler
1328 3609 1405 3680 ignia
1419 3608 1583 3676 advolaret,

1112 3702 1145 3759 at
1155 3702 1246 3758 linem
1260 3700 1346 3757 daret
1358 3698 1453 3756 anxiis
1467 3699 1620 3771 periculis.

1076 3792 1205 3848 Exorata
1214 3803 1285 3846 suos
1298 3786 1382 3845 obire
1395 3786 1519 3845 tandem

1079 3878 1216 3950 HaJ'estas
1227 3876 1368 3942 tumulos,
1378 3874 1464 3946 jubet
1482 3876 1606 3934 caducis

1076 3968 1180 4027 lissos
1194 3964 1382 4039 corporibus,
1398 3963 1516 4038 sibique
1529 3965 1625 4023 reddi.

1111 4056 1189 4115 Vidit
1202 4053 1338 4113 Presidia
1352 4068 1388 4110 ex
1402 4052 1496 4111 domo
1506 4053 1628 4112 Satelles

1076 4145 1190 4204 Coelum
1202 4142 1380 4217 llartyrihus
1395 4147 1493 4216 patere
1508 4148 1657 4217 apertum,

1077 4236 1272 4308 insignesque
1280 4232 1360 4290 viros
1373 4246 1427 4307 per
1442 4234 1523 4291 astra
1533 4232 1613 4293 lerri.

1077 4324 1164 4395 Quin,
1176 4328 1206 4381 et
1218 4319 1317 4379 iiheiu
1331 4334 1462 4379 monens
1473 4321 1559 4381 herili

1113 4412 1249 4471 Ostendit
1258 4409 1378 4470 sceleris
1392 4414 1498 4469 notun
1512 4413 1639 4484 paterni,

1076 4502 1274 4566 Coelorivere,
1287 4515 1365 4574 qum
1374 4500 1454 4558 ierus
1466 4502 1603 4573 peremit.

1076 4594 1144 4649 liae
1157 4596 1221 4649 tum
1235 4588 1413 4662 virginitatis
1421 4589 1524 4663 palem
1537 4590 1639 4650 videre

1075 4680 1225 4739 Perfidum
1238 4680 1345 4737 meruit
1355 4682 1509 4753 parentem
1526 4696 1652 4752 cacum,

1116 4771 1153 4827 tlt
1165 4770 1278 4827 crimen
1286 4769 1404 4827 Domini
1415 4770 1526 4827 domus
1540 4769 1666 4827 timeret.

1076 4862 1158 4918 Tune
1168 4858 1344 4932 corporibus
1358 4856 1576 4923 sacristariae,

1077 4948 1154 5023 [ccv]
1172 4950 1205 5006 Et
1216 4948 1337 5021 padusa
1349 4960 1433 5005 maro
1447 4946 1589 5017 leguntur
1599 4959 1679 5011 ossa,

1079 5040 1151 5106 oua
1166 5037 1278 5111 raptim
1289 5035 1347 5093 sibi
1361 5036 1492 5109 quisque
1506 5033 1700 5093 vendicabat.

1114 5130 1250 5185 Fratrum
1261 5129 1362 5183 tantm
1374 5138 1459 5182 amor
1469 5121 1596 5180 domum
1611 5122 1721 5182 reterre

1080 5214 1260 5273 Sanctorum
1273 5215 1407 5272 cinerum
1417 5213 1518 5270 dicata
1529 5212 1620 5280 dona,

1080 5308 1136 5360 aut
1147 5306 1263 5374 gestare
1278 5303 1346 5359 sinu
1357 5302 1445 5359 fidele
1457 5302 1578 5376 pignus.

1080 5390 1139 5448 Sed
1153 5394 1183 5447 et
1192 5391 1337 5466 reliquias
1351 5391 1583 5461 resuscitandas,

1115 5482 1150 5538 nt
1164 5495 1236 5538 mox
1249 5496 1317 5538 cum
1333 5482 1463 5539 Domino
1475 5480 1565 5539 simul
1579 5480 1708 5550 tutores,

1080 5568 1222 5629 liberetis
1231 5570 1301 5631 loeo
1314 5570 1454 5631 dividant
1467 5570 1633 5646 sepulchris
1649 5586 1658 5632 t

1082 5658 1190 5720 cernui
1203 5658 1301 5721 niveis
1316 5660 1399 5721 stolis
1413 5660 1516 5721 amicti
