4117 6175
266 239 318 335 ‘air
895 226 1341 329 saavraiuuilhbralauu.
1915 270 1966 333 em

302 396 471 458 Extendens
481 394 591 456 eoelum
602 391 679 454 sicut
686 392 794 469 pellem
804 395 817 426 ⁸¹
826 394 878 467 qai
885 395 996 466 tegitin
1003 394 1091 469 aquis
1106 392 1129 451 Α
1181 394 1285 451 Emitte
1291 387 1530 469 spiritumtuum,
1544 388 1572 453 et
1586 388 1791 455 creabudtur*
1804 400 1834 457 et
1846 384 1969 458 renoba·

269 487 507 563 superioraeius.
1145 469 1418 541 bisiaeiemterroe.

303 578 452 651 Quiponit
471 575 584 633 nubem
594 589 755 632 ascensum
775 572 945 647 suum·qui
955 572 1093 631 ambulat
1183 570 1225 628 sit
1237 571 1332 645 gloria
1357 572 1473 630 Domini
1487 571 1517 631 ia
1533 574 1677 633 saeculum
1692 574 1792 634 saeculi
1803 576 1818 609 ¹¹
1829 574 1970 635 inlabitur

268 683 359 743 super
370 666 481 739 pinnas
494 668 664 720 ventorum.
1146 658 1292 717 Dominus
1302 660 1334 717 in
1348 662 1489 734 operibns
1502 662 1574 720 suis.

303 754 359 822 Qui
368 753 438 813 facil
456 752 580 825 angelos
590 768 662 809 suos
675 749 795 824 spirltns
809 748 1094 808 *etministrossuos
1183 750 1239 815 Qui
1248 750 1378 822 respexit
1391 749 1422 807 in
1436 754 1558 824 terram,
1574 754 1603 809 et
1612 750 1683 811 lacit
1693 767 1761 811 eam
1770 756 1911 813 tremere·
1921 755 1971 828 qui

266 843 369 915 ignem
384 849 525 899 urentem.
1147 838 1242 908 tangit
1256 842 1383 907 montes,
1399 842 1428 895 et
1453 838 1655 911 fumigabunt.

303 932 360 1001 Qui
368 930 506 989 fundavit
520 934 630 989 terram
643 944 733 1003 super
745 928 938 987 stabilitatem
944 926 1007 985 eius
1017 928 1095 986 'non
1183 924 1318 984 Cantaba
1333 926 1459 986 Domino
1470 928 1500 985 in
1510 928 1569 987 vita
1583 936 1678 988 ineat
1692 930 1820 1005 psallam
1833 932 1894 991 Deo
1906 948 1970 991 meo

267 1012 458 1079 inclinabitur
470 1020 501 1077 in
514 1019 657 1077 saeeulum
672 1018 783 1076 sacili.
1147 1013 1356 1088 qnandiuero.

301 1110 437 1183 abyssus
449 1108 524 1167 sieut
535 1107 668 1181 pelleum
678 1107 805 1168 amiotus
814 1106 996 1181 eius*super
1009 1121 1094 1165 mon·
1183 1104 1291 1163 suabis
1303 1104 1375 1163 sitsi
1388 1104 1522 1167 laudatio
1540 1106 1693 1183 meatego
1708 1124 1779 1169 vero
1803 1110 1970 1171 delectabor

268 1195 551 1269 tesstabnntaquoe.
1148 1193 1179 1252 in
1194 1194 1331 1253 Domino.

302 1289 349 1347 ab
360 1285 563 1362 increpatione
576 1289 628 1344 tua
641 1282 779 1357 fugient*
791 1300 810 1343 a
821 1300 893 1343 voce
922 1283 1041 1342 tonitrui
1061 1287 1095 1341 tn
1184 1283 1323 1342 Deficient
1336 1289 1504 1358 peccatores
1519 1302 1537 1343 a
1551 1290 1639 1357 terra,
1663 1288 1692 1345 et
1706 1288 1801 1365 iniqui
1810 1288 1850 1349 ita
1866 1294 1970 1351 utnon

268 1375 486 1437 formidabunt.
1149 1370 1226 1429 sint'
1240 1371 1366 1431 benedic
1380 1372 1483 1432 anima
1494 1389 1563 1432 mea
1575 1374 1713 1435 Domino.

300 1465 473 1525 arandum
483 1466 611 1527 montes,
624 1465 654 1520 et
666 1460 853 1522 descendunt
868 1461 967 1535 campi
976 1460 1030 1518 *in
1054 1460 1096 1519 lo·
1527 1463 1592 1521 clii.

268 1566 348 1624 eum,
361 1568 453 1626 quem
465 1551 598 1609 fundasti
608 1551 645 1609 ei.
1449 1566 1570 1609 saeuum
1585 1567 1678 1612 reru.

300 1641 473 1701 Terminum
484 1638 610 1713 posuisti
621 1638 769 1711 eis,quem
792 1652 854 1696 non
873 1636 1094 1709 transgredien-
1413 1638 1547 1705 Alleluia,
1570 1640 1704 1700 Alleluia.

266 1734 314 1787 tur
327 1729 452 1801 trreerue
463 1731 670 1785 convertentur
684 1727 800 1800 operire
812 1731 933 1784 terram.
1109 1737 1132 1797 Β
1219 1727 1358 1784 Doctrina
1390 1727 1551 1799 impietate·
1575 1730 1741 1789 iudeorum
1755 1730 1901 1791 Gentibus.

302 1818 359 1887 Qui
371 1817 478 1875 emittit
487 1816 585 1874 tontes
603 1816 635 1873 in
656 1814 858 1874 convallibus·
870 1816 946 1873 inter
971 1812 1089 1873 medios
1182 1815 1256 1871 Ana.
1271 1812 1566 1881 DuariteDominam
1575 1823 1602 1875 et
1615 1819 1840 1890 confortamini:
1851 1822 1971 1895 quante

265 1907 415 1965 montium
428 1904 653 1980 pertransibunt
668 1921 769 1977 squas.
1146 1902 1255 1975 faeiem
1265 1906 1330 1975 ejus
1340 1919 1463 1977 semper.

301 1996 487 2056 potabuntur
499 1992 712 2053 omnesbesue
723 1995 868 2053 silvarum
878 1992 1093 2067 'expectabant
1183 1990 1370 2049 Confitemini
1379 1992 1515 2063 Domino,
1524 1996 1552 2051 et
1561 1994 1696 2054 invocate
1710 2010 1823 2056 nomen
1836 1997 1968 2059 eius'ad·

266 2083 374 2159 onagri
394 2083 472 2143 sitim
486 2100 585 2141 suam.
1146 2080 1283 2139 nuntiate
1297 2082 1374 2140 inter
1384 2086 1487 2153 gentes
1501 2098 1594 2157 opera
1607 2084 1680 2142 eius.

301 2174 397 2248 Super
405 2189 442 2233 ea
453 2171 589 2230 volueres
616 2170 971 2230 eoeliinbabitabunt'de
991 2170 1092 2229 medio
1182 2169 1346 2236 Cantate,et
1356 2170 1471 2243 psallite
1484 2172 1635 2244 magnalia
1645 2173 1965 2238 eius‘narrateomnia

263 2267 418 2337 petrarum
432 2260 642 2320 dabuntvoees
657 2275 741 2318 suas.
1145 2257 1297 2316 mirabilia
1310 2259 1384 2317 eius.

299 2353 410 2425 Rigans
425 2353 544 2410 montes
564 2348 602 2407 de
626 2348 832 2421 superioribus
848 2346 927 2406 tuis·
945 2346 983 2408 de
993 2345 1091 2407 iruetu
1181 2346 1356 2404 laudamini
1383 2346 1550 2408 innomine
1565 2354 1669 2410 sancto
1695 2349 1907 2413 eiusrteretur
1918 2370 1963 2415 aar

263 2453 390 2517 operum
404 2443 525 2497 tuorum
538 2434 694 2497 satiabitur
709 2441 798 2495 terra.
1145 2437 1343 2509 quarentium
1359 2438 1533 2499 Dominum.

298 2524 754 2601 Produeenstoenumpeeoribus
765 2526 816 2585 tet
824 2524 950 2585 herbam
959 2527 1091 2586 servituti
1180 2526 1307 2592 Quaerite
1321 2525 1493 2596 Dominum,
1506 2532 1536 2587 et
1545 2526 1912 2609 comemmimrquaeriu
1930 2536 1967 2595 ta·

261 2619 434 2683 hominum.
1144 2612 1434 2691 eismeiussemper.

298 2710 334 2767 Ut
347 2710 455 2769 educat
465 2722 576 2782 panem
585 2706 623 2765 de
638 2709 716 2765 terra
726 2703 779 2767 ’et
790 2704 895 2765 vinum
904 2701 1091 2765 lsufieetcor
1179 2704 1352 2761 Mementote
1366 2702 1550 2763 mirabilium
1562 2704 1638 2775 eius,
1648 2724 1717 2781 qum
1727 2707 1796 2768 iecit
1808 2708 1966 2785 *prodigia

260 2794 406 2859 bominis.
1143 2790 1216 2865 eius,
1234 2796 1263 2850 et
1274 2792 1395 2851 inducie
1408 2788 1549 2852 oriseins.

295 2888 332 2946 Dt
344 2887 466 2946 sxssaret
488 2885 598 2946 taciem
607 2886 639 2943 in
655 2884 740 2944 oleo*
749 2887 877 2958 etpanes
886 2899 939 2941 eor
953 2883 1087 2943 bominis
1178 2883 1286 2940 Samen
1298 2880 1430 2940 abraam
1440 2882 1517 2941 servi
1531 2883 1778 2946 eiusrfiliitacob
1793 2886 1876 2947 electi
1887 2890 1961 2948 eius.

260 2975 425 3036 confirmer,
1077 3016 1078 3021 ,
1175 2972 1239 3043 lpse
1249 2970 1478 3029 DominusDeus
1489 2970 1613 3032 noster*
1627 2972 1659 3033 in
1670 2974 1811 3035 universa
1827 2981 1905 3037 terra
1924 2981 1964 3037 iu·

294 3064 488 3124 sedabuntur
498 3060 597 3120 onnia
607 3059 690 3132 ligna
704 3059 868 3120 silbarum·
879 3058 1121 3158 eteedriliba·c
1140 3056 1221 3118 dicia
1235 3060 1308 3118 eius.

256 3152 298 3222 ni,
312 3167 390 3226 quos
403 3149 557 3224 plantasti.
1174 3152 1279 3209 ltemor
1306 3147 1360 3208 tuit
1370 3149 1400 3209 la
1411 3151 1554 3210 soeenlum
1587 3153 1753 3212 testamenti
1780 3150 1828 3214 sui
1841 3157 1857 3192 ¹
1872 3157 1961 3227 verbi,

290 3241 352 3300 lllio
363 3255 500 3316 passeres
530 3237 748 3296 nidificabunt'
761 3236 866 3298 fulices
893 3233 1004 3296 domus
1019 3239 1083 3297 dux
1138 3239 1215 3312 quod
1232 3238 1387 3298 mandavit
1398 3241 1427 3298 in
1445 3239 1526 3299 mille
1537 3243 1751 3312 generationes.

256 3347 374 3392 sorum.
1173 3329 1256 3398 Quod
1265 3327 1405 3402 disposuit
1415 3330 1643 3389 scabraamret
1653 3331 1811 3392 iuramenti
1820 3335 1961 3396 snilsaac.

291 3421 405 3481 llontes
413 3414 620 3478 mactemus
631 3412 737 3491 'petrae
747 3406 899 3488 retugium
912 3413 1083 3476 harenacis.
1173 3417 1277 3477 Statuit
1288 3417 1361 3475 illud
1374 3417 1468 3477 Jacob
1480 3418 1511 3476 in
1522 3427 1672 3495 praeapte
1680 3422 1691 3446 ·
1699 3425 1727 3480 el
1738 3423 1829 3482 lsrael
1837 3424 1867 3482 in
1875 3429 1961 3484 testa-

291 3507 369 3570 Fecit
381 3510 486 3569 lunam
495 3510 528 3566 in
555 3511 702 3582 tempora,
719 3505 765 3563 sol
789 3506 914 3578 agnobit
939 3522 1082 3566 oceasum
1136 3509 1238 3565 mento
1253 3511 1374 3566 aeterno.

254 3601 344 3659 snum
353 3599 369 3632 ⁸
378 3598 507 3672 posuisti
516 3597 664 3662 tenebras,
679 3599 707 3653 et
719 3594 800 3654 taeta
812 3599 858 3653 est
867 3611 939 3655 nox.
1171 3595 1276 3652 Dicens
1287 3596 1357 3654 tibi:
1372 3594 1458 3655 Dabo
1480 3601 1589 3657 terram
1615 3601 1749 3659 canam
1763 3603 1779 3640 t
1794 3601 1957 3660 tuniculam

295 3681 322 3765 fi
337 3685 446 3762 lnipsa
452 3686 682 3761 pertransibunt
690 3700 797 3744 omnes
806 3685 910 3742 bestiae
918 3685 1081 3744 silvarum·
1133 3681 1304 3742 hereditatis
1318 3687 1378 3742 tun
1393 3686 1494 3743 lsrael.

253 3774 347 3834 eatuli
357 3774 481 3833 leonum
498 3775 659 3847 rugientes
679 3777 713 3832 ut
726 3774 855 3847 rapiant,
870 3777 898 3832 et
912 3777 1049 3848 quaerant
1063 3791 1081 3832 a
1170 3774 1267 3840 Quum
1280 3789 1376 3832 essem
1388 3789 1515 3834 numero
1521 3771 1625 3834 brebi*
1638 3775 1856 3850 paucissimi,st
1865 3777 1956 3838 incola

255 3861 318 3924 Deo
334 3879 436 3922 eseam
450 3863 520 3921 sibi.
1133 3861 1164 3918 in
1177 3876 1223 3920 ea.

288 3951 376 4012 Ortus
390 3957 435 4010 sst
447 3951 501 4019 sol,
516 3950 726 4023 eteongregati
745 3954 815 4008 sunt
824 3950 839 3984 s
849 3950 915 4009 etin
929 3946 1079 4010 eubilibus
1169 3953 1203 4008 Et
1214 3951 1489 4026 pertransieruntds
1499 3945 1753 4027 genlaingsntem
1764 3959 1774 3980 ·
1787 3956 1953 4030 etderegno

253 4043 317 4102 suis
331 4057 365 4101 se
378 4040 622 4100 conlocaberunt.
1134 4038 1174 4096 ad
1186 4039 1333 4112 populum
1347 4039 1484 4097 alterum.

286 4132 370 4189 Exiet
388 4130 481 4188 bomo
495 4129 536 4189 ad
559 4144 637 4203 opus
652 4142 742 4185 suum
754 4123 770 4158 *
781 4132 810 4185 et
821 4127 860 4186 ad
874 4128 1079 4202 operationem
1168 4130 1232 4187 Non
1243 4129 1378 4202 permisit
1391 4129 1545 4188 bominem
1555 4145 1661 4190 nocere
1675 4129 1718 4188 eis
1728 4134 1739 4156 *
1749 4132 1804 4191 sed
1818 4131 1951 4208 corripuit

251 4235 341 4280 snam
355 4219 502 4294 usquead
517 4232 687 4291 vesperum.
1132 4233 1187 4290 pro
1202 4217 1243 4275 eis
1256 4235 1353 4291 reges.

285 4312 383 4378 uuam
394 4307 587 4380 magnificata
599 4311 668 4364 sunt
685 4320 778 4380 opera
795 4310 847 4366 tua
864 4304 1001 4366 Domine!
1014 4322 1077 4368 om·
1167 4307 1259 4364 Nolite
1272 4311 1393 4380 tangere
1422 4307 1553 4366 Christos
1565 4311 1669 4367 meos·
1682 4313 1711 4369 et
1738 4309 1770 4368 in
1794 4313 1948 4388 prophetas

248 4397 343 4459 nialn
371 4395 640 4473 sapientiaieeisti‘
654 4394 912 4469 repletaestterra
938 4403 1075 4458 ereatura
1131 4409 1216 4455 meos
1232 4393 1318 4453 nolite
1330 4396 1501 4467 malignari.

250 4491 311 4548 ιω,
1093 4457 1115 4512 D
1166 4487 1200 4542 Et
1211 4483 1447 4542 vocantfamem
1459 4489 1669 4560 superterram
1685 4489 1696 4514 ·
1711 4489 1740 4546 et
1752 4503 1844 4549 omne
1858 4489 1947 4548 firma·

282 4571 365 4652 [aar]
389 4578 450 4636 lloe
476 4590 559 4636 mare
584 4574 786 4650 magnumst
806 4573 1075 4648 spatiosumrulic
1129 4577 1265 4632 mentum
1280 4573 1367 4646 panis
1378 4575 1526 4632 contribit.

246 4664 373 4740 reptilia,
388 4679 589 4740 quorumnon
602 4668 647 4723 est
657 4679 800 4720 numerus
810 4679 816 4719 ι
827 4661 969 4721 animalia
983 4665 1074 4737 pusil-
1163 4663 1315 4722 ltisitante
1330 4678 1381 4721 eos
1402 4661 1519 4722 virum'
1529 4663 1561 4720 in
1574 4677 1661 4723 servo
1692 4667 1883 4728 venundatus
1905 4667 1944 4724 ert

245 4749 286 4826 la,
304 4758 466 4827 almagno.
1126 4747 1249 4826 ioseph.

280 4842 342 4903 Illic
356 4845 451 4902 nabes
460 4838 685 4918 pertransibunt
694 4839 705 4867 '
715 4840 807 4899 draco
817 4840 883 4913 iste,
899 4854 987 4914 quem
1002 4857 1070 4900 eon·
1161 4839 1397 4898 llumiliaberunt
1410 4840 1744 4917 lnoompedibuspedes
1756 4846 1831 4916 eius,
1841 4847 1940 4904 terrum

243 4928 373 4991 firmasti
391 4933 430 4990 ad
440 4932 639 4991 inludendum
652 4932 693 4988 ei.
1124 4929 1312 5003 pertransivit
1327 4930 1430 4990 anima
1444 4931 1617 4998 eius‚doneo
1630 4933 1744 4993 veniret
1753 4933 1940 4996 verbnmeius

279 5019 387 5081 Omnia
399 5025 635 5095 ateexpeetant,
650 5018 835 5080 Domine'et
849 5019 945 5079 tudes
967 5033 1069 5079 eseam
1124 5017 1298 5093 'eloquium
1312 5018 1424 5077 Domini
1440 5019 1548 5093 ignibit
1565 5037 1649 5080 eum.

243 5105 300 5167 illis
313 5109 344 5167 ln
357 5115 490 5183 tempore
505 5115 686 5184 opportuno.
1158 5101 1232 5166 llisit
1244 5123 1306 5176 rex,
1318 5111 1346 5166 et
1359 5107 1449 5166 solbit
1461 5125 1530 5166 eum
1541 5106 1557 5142 ³⁸
1570 5109 1709 5185 princeps
1719 5107 1939 5186 populonensis

277 5198 459 5269 Dantete,illi
469 5198 898 5272 colligent'nperienteautem
907 5201 1067 5258 temanum
1121 5197 1234 5256 dimisit
1246 5213 1326 5256 eum.

240 5289 334 5361 tuam,
347 5289 451 5346 omnia
463 5289 657 5360 replebuntur
671 5285 814 5345 ubertate.
1155 5289 1189 5342 Et
1201 5285 1352 5344 constituit
1365 5301 1435 5343 eum
1445 5285 1603 5345 dominum
1615 5286 1726 5346 domus
1739 5305 1802 5348 suae
1811 5285 1931 5362 'etprin-

273 5380 429 5434 Arertente
443 5380 544 5434 autem
572 5381 598 5434 te
610 5375 717 5433 faciem
735 5380 818 5432 tuam
837 5372 1065 5436 turbabuntur*
1119 5369 1217 5446 eipem
1234 5371 1333 5432 omnis
1341 5373 1542 5448 possessionis
1557 5391 1630 5434 suas.

238 5463 338 5522 autera
364 5464 486 5538 spiritus
508 5478 624 5530 eorum,
636 5467 666 5523 et
692 5463 838 5534 deficient
865 5470 893 5524 et
905 5466 937 5526 in
952 5471 1063 5527 terram
1153 5463 1189 5520 Ut
1200 5463 1329 5520 erudiret
1342 5463 1491 5538 principes
1502 5479 1584 5539 suos,
1601 5463 1678 5526 sieut
1693 5481 1725 5526 se
1740 5465 1748 5486 ”
1761 5468 1791 5526 st
1807 5457 1927 5526 seniores

239 5564 328 5606 suam
345 5555 539 5612 mvertentnr.
1116 5564 1188 5607 snos
1205 5549 1397 5622 prudentiam
1409 5549 1538 5610 doceret.
