4117 6175
140 193 212 264 mr
817 186 1187 302 -rrur'rr'aozirmm
1795 221 1868 314 'io

166 332 279 391 Ymncs
288 349 342 406 per
365 335 427 395 dces
439 337 584 400 Scbbetos
597 345 741 406 dicendus
753 349 786 407 irs
800 352 1025 426 Quadrupes-A
1158 371 1267 430 Ymm
1286 374 1323 432 de
1337 359 1463 445 Vespera
1478 377 1511 434 r'n
1527 356 1610 438 Geno'
1621 365 1755 441 Domini.

395 426 471 484 simu
489 428 540 486 Ad
557 433 752 494 1111111ηᾶ11·
1041 467 1105 528 lam
1120 473 1195 545 legis
1208 479 1317 536 umbra
1327 479 1484 538 clauditur.
1496 483 1556 552 sol.
1574 486 1635 541 351.

265 513 705 594 Α1110111111111311111811110111111
1112 559 1200 638 [xcix]
1222 566 1332 624 Ymnus
1348 567 1379 624 in
1398 570 1621 629 Resurrectionc
1638 575 1768 634 nomina

234 599 401 697 T⁰lli⁸di⁰⁸
413 601 554 663 ifllstbllffl'
1040 647 1151 707 Psatlat
1161 652 1286 711 altitudo
1301 655 1368 712 osli.
1381 658 1440 727 sot.
1460 661 1523 714 ³85.

234 687 319 742 Lucis
336 688 460 747 resultet
474 693 624 765 spiculum

233 774 370 834 Discedat
383 793 473 836 omne
484 779 634 843 lubricum
1376 781 1412 838 ῙῙ
1424 781 1523 840 Feria-

267 864 427 924 Fantasma
440 871 537 926 noctis
550 871 669 933 decidat
1146 900 1219 957 Ecce
1233 916 1327 975 quam
1341 901 1457 980 [quem]
1471 908 1557 964 Vates
1568 874 1692 966 vellatis

232 952 466 1013 ilentisreatum
481 959 607 1019 subruat
1111 987 1314 1048 concinebant
1328 991 1446 1058 seculis,
1570 1019 1573 1024 ·

232 1041 380 1114 Quicquid
393 1045 522 1102 tenebris
536 1048 638 1108 orrida
1110 1072 1429 1150 Quamprophetarum
1439 1079 1542 1138 fideles

230 1131 295 1186 Nox
306 1130 412 1190 adtulit
422 1134 511 1207 culpe
523 1136 612 1196 cadat
1109 1161 1220 1234 Pagina
1234 1166 1459 1238 spoponderant
1466 1187 1476 1241 3

266 1219 301 1276 ut
315 1233 405 1278 mane
420 1221 486 1279 illut
500 1224 648 1284 obtimum
1110 1249 1224 1308 Emicat
1237 1254 1403 1325 promissus
1418 1255 1499 1324 olim,

230 1307 318 1373 Quod
332 1309 531 1380 prestolamus
547 1317 648 1373 cernui
1109 1339 1223 1397 cuncta
1237 1341 1418 1399 conlaudent
1429 1361 1508 1401 eum.

228 1395 263 1450 111
281 1394 348 1452 lucc
358 1397 446 1455 nobis
461 1398 564 1459 effluat
1147 1427 1282 1486 cantaris
1294 1431 1394 1489 inlusa
1406 1431 1491 1490 limla

231 1484 309 1540 [turn
320 1484 504 1546 boccancra
522 1500 684 1568 concrepat
1109 1514 1459 1590 Fitlalernummobi103

263 1571 362 1630 Gloria
374 1574 450 1631 Patri
464 1576 598 1649 ingenito
1108 1605 1228 1664 Nuntiat
1240 1607 1343 1666 vinum
1357 1609 1490 1667 minister

228 1657 326 1717 Gloria
340 1660 495 1734 Unigenito
1108 1692 1179 1750 iisse
1193 1700 1346 1767 promtum
1358 1712 1396 1753 ex
1407 1697 1496 1768 ydria
1503 1716 1512 1770 ;

229 1747 294 1805 Una
307 1764 377 1805 cum
392 1751 501 1809 Sancto
517 1753 628 1828 Spiritu
1108 1781 1174 1853 lpse
1188 1785 1249 1840 Rex
1267 1799 1373 1857 sapore
1392 1785 1489 1844 tinctis

227 1834 261 1890 ln
275 1836 456 1909 sempiterna
469 1841 582 1900 secula.
1109 1869 1436 1946 Obstupescitpoculis.

261 1927 367 1981 Amen·
1143 1959 1274 2016 Membra
1286 1961 1398 2018 morbis
1411 1961 1555 2030 ulcerosa,

200 2011 310 2070 Ymnus
322 2015 354 2070 in
374 2014 637 2089 Quodrcyesimom
651 2039 708 2095 per
728 2027 790 2086 dies
803 2029 947 2090 mecam
1106 2045 1258 2105 Viscorum
1273 2049 1456 2121 putredines,

450 2104 499 2162 Ad
518 2108 687 2179 vesperum.
1107 2134 1215 2192 Mando
1234 2139 1266 2193 ut
1280 2136 1456 2203 abluantur;
1468 2137 1574 2211 inquid
1592 2155 1598 2195 :

189 2187 331 2246 Altissimi
347 2190 477 2250 Verbum
490 2193 593 2253 Patris.
606 2201 665 2270 fet.
678 2205 722 2259 ab.
1108 2223 1150 2279 Fit
1163 2228 1261 2280 rutum
1273 2224 1355 2297 quod
1372 2225 1510 2293 iusserat,

159 2276 273 2334 Ymrtcs
293 2278 437 2337 dicendus
449 2280 481 2339 in
495 2284 730 2360 Qucdropcstmc
744 2307 797 2364 per
808 2295 869 2352 dics
883 2297 982 2356 Domi·
1105 2311 1266 2382 turgidam
1279 2317 1376 2368 cutem
1390 2327 1562 2387 repugnans

394 2370 532 2430 cicoscd
544 2374 740 2438 Motutteum.
1104 2399 1267 2458 vulnerum
1286 2400 1429 2474 piamina.

259 2455 296 2511 Te
318 2453 395 2512 lucis
409 2463 514 2516 auctor
528 2471 681 2533 personet.
1139 2490 1181 2546 Tu
1195 2490 1376 2562 perennibus
1389 2489 1520 2548 tenebris

224 2541 316 2599 liuius
327 2549 447 2604 caterva
460 2550 607 2624 carmina,
1104 2576 1168 2634 lam
1183 2574 1301 2648 sepulta
1312 2576 1428 2634 lumina

225 2631 322 2696 Quam
338 2636 369 2689 tu
383 2634 502 2708 replesti
517 2640 625 2713 gratia,
1104 2663 1205 2721 inlinis
1219 2663 1292 2722 limo
1304 2662 1431 2735 salubri,

225 2720 376 2778 uasmsis
390 2726 532 2794 potentia.
1104 2751 1187 2810 sacri
1200 2750 1302 2808 odoris
1322 2755 1450 2818 nectare,

259 2807 351 2865 Nobis
364 2810 428 2867 dies
444 2813 501 2871 bec
511 2816 608 2876 innunt
1103 2837 1487 2912 Moxapertisacmedulla

226 2895 308 2953 Diem
323 2913 500 2970 supremum
514 2905 626 2977 sistere,
1105 2930 1167 2985 Lux
1178 2928 1302 2985 reducta
1315 2932 1361 2985 est
1373 2926 1508 2984 orbibus.

226 2984 318 3050 ouum
333 2991 468 3047 mortuos
480 3008 636 3069 resurgere
1140 3017 1301 3090 increpans
1313 3023 1435 3072 ventum
1449 3013 1598 3074 iurantem

226 3072 347 3147 viteque
364 3074 455 3136 lassis
466 3080 601 3141 reddere.
1105 3104 1192 3171 Quod
1206 3104 1344 3177 procellis
1357 3106 1488 3163 tristibus

261 3164 373 3223 octaba
388 3168 487 3239 prima
500 3172 643 3243 redditur,
1104 3195 1202 3250 vertat
1215 3208 1311 3266 equor
1324 3210 1444 3252 summo
1458 3194 1498 3253 ab
1509 3198 1597 3268 ymo,

225 3251 302 3308 Dum
316 3269 400 3311 mors
412 3257 560 3341 habunda
574 3264 693 3334 tollitur,
1106 3282 1195 3338 vexet
1209 3286 1239 3339 et
1252 3297 1361 3353 vagam
1374 3289 1469 3341 ratem
1483 3299 1492 3349 ς

226 3338 302 3396 Dum
316 3350 416 3399 mente
431 3347 681 3422 circumcidimur,
1106 3368 1156 3426 llle
1169 3368 1254 3427 iussit
1265 3369 1477 3427 obsecundans

225 3428 361 3502 Nobique
374 3431 498 3491 demum
509 3440 672 3517 nascimur.
1105 3457 1178 3515 llitis
1192 3457 1273 3517 unda
1284 3457 1433 3515 sternitur.

260 3516 359 3582 Quum
373 3536 462 3581 mane
475 3532 611 3586 nostrum
622 3533 774 3591 cernimus

227 3603 347 3661 Redisse
361 3608 446 3665 victis
459 3611 607 3684 hostibus,
1196 3705 1201 3717 Ι
1362 3582 1412 3717 ’.Π
1423 3582 1525 3638 Fma'

225 3693 387 3768 linndique
398 3697 503 3757 luxum
522 3706 696 3782 temnimus,
1141 3708 1395 3805 Extimumsestrs
1406 3709 1523 3807 sacrate

226 3779 339 3839 Panem
354 3785 459 3844 salutis
471 3796 661 3855 summimus.
1106 3794 1216 3852 Furtim
1233 3794 1339 3851 mulier
1352 3793 1468 3866 adtigit,

262 3868 447 3931 ieiuniorum
465 3878 594 3938 victimis
1106 3881 1243 3939 Protinus
1253 3881 1335 3939 salus
1344 3887 1446 3941 secuta
1457 3887 1513 3954 est,

228 3957 341 4031 corpus
352 3959 473 4021 litamur
489 3967 591 4037 aridis,
1106 3972 1185 4029 Hora
1196 3970 1419 4044 pallordescrit,

226 4044 347 4119 Piisque
359 4050 550 4121 parsimoniis
1108 4060 1443 4159 Sistiturrivuscruoris

227 4134 325 4191 Sacris
340 4138 472 4208 potimur
483 4142 600 4203 hostiis.
618 4215 620 4218 Ι
1107 4148 1163 4217 Qui
1178 4145 1291 4205 fluebat
1306 4153 1464 4221 perpetrm.

262 4226 321 4281 lieo
336 4224 418 4284 alma
430 4229 468 4285 sit
481 4232 667 4296 sollemnitas
1141 4236 1226 4294 Exitu
1235 4235 1333 4293 dulcis
1347 4236 1488 4293 iubentus

226 4310 270 4370 Sit
283 4311 364 4371 clara
374 4314 430 4373 bec
442 4316 594 4391 festivitas,
1108 4329 1237 4400 asprum
1257 4325 1384 4383 abevum
1401 4324 1511 4399 [Fortu
1532 4323 1698 4401 ephebum]
1712 4320 1828 4385 viderat

226 4399 268 4458 Sit
279 4400 384 4459 feriata
396 4407 516 4476 gaudiis
1107 4416 1188 4474 Orba
1199 4429 1291 4488 quem
1303 4416 1399 4472 mater
1411 4415 1562 4488 supremis

227 4487 296 4547 Dies
308 4490 434 4551 reducta
447 4497 486 4552 ab
502 4497 615 4559 inieris.
1107 4502 1274 4562 nunciabat
1292 4501 1424 4575 fletibus,
1453 4592 1460 4604 .

260 4577 359 4637 Gloria
370 4580 449 4639 Patri
463 4583 606 4657 ingenito,
1108 4594 1201 4666 Surge
1214 4592 1299 4660 dixit,
1316 4591 1364 4649 ille
1377 4596 1483 4663 sanga,

225 4662 323 4725 Gloria
337 4668 504 4746 Unigenito,
905 4684 908 4687 ’
1106 4681 1188 4740 lintri
1206 4683 1235 4739 et
1244 4680 1369 4738 adstans
1381 4680 1494 4739 retitur.

225 4754 290 4813 Una
307 4771 377 4814 cnm
390 4759 499 4819 Sancto
515 4764 626 4839 Spiritu
1143 4770 1209 4831 Sole
1222 4770 1284 4827 iam
1298 4772 1406 4842 quarto
1417 4772 1580 4872 carentem,

225 4839 260 4898 ln
273 4844 453 4918 sempiterna
469 4852 583 4913 secula.
1107 4860 1171 4919 lam
1181 4857 1317 4933 sepulcro
1332 4858 1543 4916 absconditum

114 4909 130 4938 ’
260 4935 370 4992 Amen.
1107 4952 1251 5007 Lazarum
1265 4946 1348 5004 iubet
1359 4946 1457 5004 vivere

159 5014 273 5076 Ymnus
287 5022 319 5078 la
333 5024 481 5085 medicati
497 5030 546 5090 dic
560 5034 638 5104 sesto
656 5038 717 5097 sibe
737 5041 771 5098 in
785 5042 894 5103 Lozcro
916 5052 981 5107 tom
1106 5036 1232 5096 1111111110
1243 5033 1421 5108 Slllssmlnffl

270 5111 311 5168 od
334 5113 493 5184 vesperum
512 5136 602 5192 qoem
619 5126 661 5183 aa
673 5128 868 5191 Macrianum,
1107 5124 1334 5225 Fetidumniecur
1347 5122 1488 5225 reductus

149 5194 284 5254 Verbum
298 5198 390 5259 Patris
402 5208 485 5277 quod
496 5210 606 5281 prodiit
620 5212 734 5277 fectum
747 5236 827 5280 caro.
841 5223 896 5295 sot.
917 5230 980 5286 252.
1106 5217 1219 5273 11111111
1237 5218 1297 5269 11111·
1298 5216 1328 5269 ⁸²
1338 5211 1436 5269 8111111·

149 5279 285 5360 *diupo
297 5294 494 5354 mellomine.
1141 5301 1285 5361 ambulat
1299 5316 1351 5375 per
1366 5298 1582 5377 stagnapontl.

329 5379 609 5449 Ymnusialtomos
625 5393 808 5461 Palmensem.
1106 5394 1231 5451 Summa
1241 5390 1338 5450 calcat
1348 5390 1508 5495 fluctuum.

150 5457 274 5521 vocaris
290 5467 436 5529 advitam
450 5488 571 5537 sacrum
586 5480 638 5541 Dei
647 5499 752 5558 genus.
763 5491 822 5561 fol,
837 5494 900 5554 iti.
1105 5482 1221 5545 Mobilis
1233 5482 1307 5541 licor
1317 5480 1460 5583 profundi

149 5546 186 5621 t.
200 5550 300 5615 venite
313 5554 367 5617 tilii
383 5560 484 5623 cudite
498 5580 558 5626 me.
1106 5570 1272 5638 rendum
1284 5574 1398 5653 prestet
1415 5584 1499 5637 nam
1581 5606 1584 5611 ν
1626 5603 1628 5608 ·
1729 5606 1758 5623 .,
1847 5642 1866 5667 a
