4117 6175
2002 60 2011 136 i

235 173 306 230 raes
882 161 1106 224 usurarius
1126 163 1322 227 normann.
1857 163 1911 222 rus
2002 130 2011 176 ¹·

234 310 303 356 mos
316 297 435 354 noshos
449 293 481 353 iu
494 291 619 352 demum
636 291 837 366 tuamlugiisr
848 289 1055 356 tumemus.
1073 289 1097 348 A
1183 291 1221 351 ln
1233 293 1318 352 Festo
1327 291 1516 367 Apollinaris
1529 287 1661 363 Episcopi
1683 292 1711 346 st
1721 287 1860 361 simmia

236 392 270 454 ῃ.
289 386 394 439 Amen.
1150 377 1918 450 Omniodicunturuniusliar·tprisl'oatitiris.tot.cuu.

271 472 335 528 Per.
1115 472 1150 528 ΙΝ
1174 472 1279 532 FESTO
1303 472 1446 531 SANCTAE
1485 469 1601 533 ANNAE,
1631 467 1756 524 llATillS
1788 465 1918 522 VlllGlb'lS

272 561 322 619 Ad
336 558 502 618 Canticum.
517 559 703 629 Antiphone.
718 555 887 614 confitebor
901 555 964 614 tibi.
985 556 1060 615 cuu-
1458 557 1588 616 ltAlllAE.

238 651 340 711 tirum.
353 647 523 706 confitebor
532 647 585 704 tibi
608 646 730 704 bomine
744 647 814 703 Rex.
827 645 1006 718 [albeum.
1416 647 1462 706 Ad
1473 647 1638 718 torperem.

233 725 236 730 ’
274 734 811 795 Oratio.ineffabilisboaitatisauctor
828 731 1062 809 ethomiue,qui
1150 737 1263 798 Laudo.
1275 735 1509 803 contessionem,
1521 738 1551 792 et
1563 733 1713 792 decorem.
1728 730 1815 799 Seno.
1839 729 1927 788 conli-

237 825 420 887 beatissimas
434 824 531 880 Merite
547 820 868 896 ltegdalenaelinguam
877 823 984 896 imples
991 838 1063 882 cou-
1117 823 1203 886 tabor
1215 825 1278 894 tibi,
1295 825 1429 885 Domine.
1442 825 1499 897 fot.
1515 837 1605 881 osxrx.
1622 819 1766 880 hominus
1788 818 1835 878 sit.
1861 829 1891 890 a.
1901 819 1929 876 ut

238 909 1062 986 lessione‚etcordisremunerasoharitatem:donanobis
1118 929 1200 974 cum.

240 1002 304 1076 ejus
317 1001 441 1069 meritis,
457 1005 577 1057 utinum
588 1000 762 1058 confitentes
781 1015 889 1059 nomen
903 1000 935 1058 in
965 1000 1060 1070 terris,
1153 1004 1334 1076 Antiphone.
1345 1002 1515 1062 Couflbbor
1527 1001 1582 1060 tibi
1595 999 1756 1059 bomineia
1776 1002 1840 1058 toto
1852 995 1931 1054 corda
2017 965 2020 1048 l

235 1081 348 1166 'pacem
363 1089 523 1148 habeamus
537 1088 566 1148 in
581 1090 689 1147 diebus
704 1089 868 1162 nostrisa.
884 1091 990 1150 Amen.
1120 1108 1189 1151 meo
1198 1092 1535 1170 :qulaexaudistiverba
1546 1091 1608 1149 oria
1619 1089 1932 1160 mai.P.lnconspectu
2012 1070 2021 1154 t

276 1181 342 1237 Pel'-
1119 1183 1302 1255 Angelorum
1317 1181 1444 1257 psallam
1457 1181 1521 1241 tibi.
1534 1180 1566 1243 t.
1579 1179 1656 1238 Deus
1672 1192 1757 1236 meus
1784 1193 1817 1235 es
1841 1181 1881 1240 tu,
1909 1178 1935 1232 at
2019 1168 2022 1238 l

277 1268 327 1325 Ad
340 1267 527 1328 Benedictus.
543 1265 726 1338 Antiphone.
743 1266 815 1325 lilia
840 1266 922 1336 Sion,
939 1266 1066 1326 benedic
1121 1271 1287 1331 confitebor
1299 1271 1363 1330 tibi.
1374 1271 1452 1329 Deus
1471 1273 1613 1340 meus,et
1637 1265 1832 1325 exaltabote.
1858 1265 1890 1320 P.
1908 1265 1936 1320 la
2022 1268 2023 1340 l

237 1355 365 1418 Domino
385 1359 444 1417 ileo
458 1356 577 1415 excelso
589 1356 916 1416 inomniheuedietione
930 1357 1066 1416 eilande.
1121 1365 1303 1436 conspectu:
1319 1360 1350 1423 i.
1365 1358 1473 1428 Gloria,
1493 1364 1524 1418 et
1540 1358 1648 1416 honor.
1669 1355 1705 1414 P.
1721 1356 1754 1411 ln
1768 1357 1933 1427 wnspectu.
2012 1346 2016 1359 '

278 1447 443 1505 canticum.
451 1445 630 1505 Benedictus
644 1459 676 1502 es
702 1445 835 1505 bomine.
849 1445 906 1519 sot.
925 1451 955 1505 t.
1158 1451 1302 1510 Dominus
1317 1450 1364 1509 sit.
1380 1460 1415 1523 a.
1431 1451 1464 1508 at
1480 1463 1561 1506 oum.
2024 1466 2025 1500 t

278 1533 363 1592 seua.
379 1533 413 1591 ln
427 1539 587 1608 conspectu
606 1533 784 1606 Angelorum
798 1533 922 1607 psallam
934 1533 996 1604 tibi,
1012 1536 1068 1593 llo·
1156 1541 1273 1600 Laudo.
1285 1537 1454 1598 conuubor
1475 1535 1538 1605 tibi,
1560 1535 1684 1594 bomine
1709 1548 1761 1592 rex
1776 1549 1784 1590 ε
1802 1530 1936 1590 thalule:
2025 1565 2026 1590 r

241 1621 334 1689 mino,
350 1621 473 1680 Alleluia
489 1621 541 1685 :lt
557 1621 698 1681 Aderabo
717 1621 757 1680 ad
769 1622 913 1697 templum
928 1627 1067 1682 sanetum
1081 1638 1105 1700 Β
1124 1629 1155 1688 Ρ.
1172 1631 1205 1686 at
1217 1627 1408 1688 conlaudabo
1424 1629 1516 1685 Deum
1533 1624 1720 1684 salvatorem
1735 1637 1845 1680 meum.
1873 1618 1938 1677 Alla-
2026 1665 2027 1694 p

243 1715 341 1777 tuum,
355 1716 385 1768 et
396 1709 562 1771 confitebor
576 1709 638 1783 tibi,
660 1710 796 1770 bomine.
807 1711 941 1771 Alleluia.
1123 1713 1538 1792 raia‚a11sluia.r.suoraho
1564 1713 1604 1772 ad
1635 1711 1782 1786 ternplum
1811 1715 1939 1768 unctum

279 1801 396 1860 Laudo.
411 1800 544 1861 Alleluia.
557 1799 711 1859 melanio
723 1801 789 1874 eius
806 1818 898 1876 super
918 1801 1027 1860 emtum
1041 1805 1070 1860 et
1124 1803 1592 1872 tuum,etconliteborbomiuo.
1608 1795 1939 1859 aurasicensem.
2027 1763 2028 1828 ¹

244 1895 360 1959 temam,
373 1889 499 1950 Alleluia
513 1912 520 1948 :
537 1889 683 1950 lixeltavit
696 1905 791 1948 cornu
805 1891 910 1968 populi
926 1893 984 1948 sui.
996 1891 1071 1949 Alle-
1124 1895 1231 1963 Gloria,
1245 1899 1275 1954 at
1288 1894 1396 1954 honor.
1411 1891 1444 1950 P.
1459 1895 1492 1950 lit
1518 1889 1718 1950 conlaudabo.
2028 1861 2029 1924 i

244 1977 316 2041 luia.
328 1982 464 2054 ilyuruus
476 1985 520 2039 est
531 1979 670 2040 omnibus
696 1981 906 2057 sanctissino.
934 1982 1070 2041 Psotmus
1461 1982 1606 2055 [ipanus.
2029 1960 2030 2016 l

246 2084 358 2134 aurun.
1269 2071 1353 2130 Lucis
1371 2069 1463 2144 hujus
1475 2069 1554 2128 laeta
1571 2067 1652 2128 eolat
2030 2060 2031 2086 ¹

281 2160 382 2217 Lectio
397 2159 470 2216 libri
481 2158 1073 2236 Pr·ouerliorusm8olomouis(0op.uxr)-
1233 2161 1318 2220 Plebs
1331 2159 1459 2220 honeste
1473 2157 1612 2225 Domino,

282 2250 387 2322 allen
402 2249 524 2318 malias.
1234 2249 1425 2310 Etcoelorum
1442 2247 1545 2322 dignis

284 2335 545 2396 lulieremiortetn
557 2335 625 2411 quis
635 2336 785 2396 inveniet?
796 2335 997 2410 proaul‚etde
1010 2336 1075 2395 ulti·
1236 2337 1464 2413 confrequentet
1482 2335 1615 2412 hymnis.

248 2425 309 2488 mis
324 2423 791 2498 fluibuspretiumejus.ilontidit
804 2425 835 2482 in
847 2438 884 2484 aa
895 2441 946 2483 cor
955 2426 1074 2496 virisui,
1271 2431 1360 2488 llater
1373 2425 1471 2486 llatris
1482 2425 1587 2484 Christi

247 2519 278 2573 et
289 2513 394 2589 spoliis
408 2514 433 2586 ej
439 2530 473 2570 us
487 2529 549 2573 aon
564 2513 717 2586 indigebit.
738 2513 850 2571 Reddet
865 2513 1030 2588 sibonum,
1048 2519 1078 2573 et
1238 2520 1278 2576 Ex
1287 2516 1346 2575 hoo
1360 2515 1476 2574 mundo
1489 2514 1564 2573 tristi

248 2617 312 2663 aon
326 2603 589 2662 malumomuibus
599 2602 781 2664 desaisire
795 2619 869 2661 sure.
878 2603 1021 2672 Quaesivit
1030 2604 1076 2663 lu·
1237 2606 1365 2678 ltigraus
1378 2603 1438 2663 flde
1450 2603 1545 2672 bona,

248 2709 323 2753 nam
334 2690 479 2764 allinunt,
494 2699 524 2752 et
535 2698 662 2768 operata
671 2692 1078 2754 esiconciliomanuumsua·
1239 2697 1324 2756 Dona
1338 2695 1405 2754 vita
1423 2694 1515 2753 done.

247 2797 332 2844 rum:
341 2784 430 2841 Facta
441 2778 839 2858 estquasinavisinstitoris,
854 2781 893 2840 da
904 2781 994 2854 longe
1007 2797 1077 2859 por·
1273 2787 1394 2844 Annam
1408 2785 1452 2842 sio
1466 2797 1607 2858 expresse

249 2875 318 2931 tans
331 2887 442 2946 panem
455 2871 727 2930 suum.lltdeuocte
733 2886 930 2944 consurgens,
938 2872 1078 2948 deditque
1241 2873 1327 2934 Fudit
1338 2873 1424 2933 radix
1437 2872 1533 2944 lesse,

249 2962 387 3035 pandam
397 2960 573 3020 domesticis
582 2960 655 3028 suia,
670 2965 701 3019 et
727 2961 844 3021 cibaria
865 2960 981 3019 ancillis
1004 2961 1114 3054 suine
1241 2965 1275 3023 llt
1288 2961 1533 3023 sitllaterllatris

251 3048 1078 3123 Consideravitegrum,etemiteumzdeiruetumanuum
1240 3051 1369 3112 Natibei
1390 3051 1497 3111 Patria.
1570 3098 1575 3105 .

251 3138 670 3214 suarumplantavitriueam.
679 3137 1079 3199 Accinxittortitudinelunr·
1276 3143 1318 3199 Ex
1328 3142 1387 3200 hac
1397 3141 1495 3199 earnis
1510 3139 1614 3215 planta

250 3227 589 3297 besanes,etr0borarit
599 3227 757 3286 brachium
765 3228 1081 3303 suumfluslavitquia
1243 3231 1342 3303 Surgit
1351 3230 1439 3302 virgo
1452 3232 1563 3289 Sancta
1579 3246 1587 3285 ι

250 3317 336 3377 bona
344 3322 388 3375 est
400 3317 560 3390 negotiatio
572 3318 637 3389 eius
650 3334 657 3375 :
670 3331 731 3375 non
745 3317 936 3390 extinguetur
949 3317 981 3376 in
993 3321 1081 3377 nocte
1242 3323 1284 3378 Ex
1296 3321 1355 3379 hoc
1372 3318 1438 3377 fluit
1450 3318 1534 3378 lente

249 3405 706 3480 lursmaipsios.ttsnumsusm
718 3404 843 3463 misitad
852 3404 982 3475 tortisst
995 3405 1081 3479 digiti
1242 3408 1331 3483 Lapis
1342 3423 1440 3467 casus
1456 3411 1570 3467 monte.

253 3494 711 3570 ajusapprehenderuntlusum.
726 3497 847 3554 henum
859 3510 947 3553 suam
968 3496 1084 3569 aperuit
1279 3498 1361 3557 Caelo
1372 3497 1434 3569 lam
1449 3496 1569 3555 sublata

253 3582 346 3657 inopi,
360 3587 390 3641 et
403 3584 523 3657 palum
535 3599 608 3642 suas
626 3582 755 3641 exaudit
769 3581 810 3639 ad
835 3596 999 3656 pauperes.
1015 3582 1082 3640 Non
1242 3586 1345 3645 liulisr
1356 3585 1447 3645 besta

253 3671 370 3732 b'mebit
383 3672 559 3731 domuisua
569 3688 588 3731 a
599 3671 772 3744 fragoribus
779 3668 875 3729 nivis:
887 3685 993 3729 omnes
1001 3670 1082 3728 enim
1245 3676 1305 3735 suo
1315 3677 1374 3734 Nos
1393 3677 1517 3749 precatu

255 3760 413 3821 domestici
427 3762 492 3834 ejus
506 3761 687 3821 restitisunt
710 3758 856 3832 duplicia.
880 3758 1081 3831 stragulatam
1244 3764 1381 3837 Prrrgeta
1403 3765 1499 3821 reatu.

254 3855 366 3911 vestem
380 3849 449 3909 lecit
459 3849 518 3908 sibi
528 3869 537 3906 r
548 3850 661 3924 byssus
675 3855 704 3907 et
717 3862 854 3923 purpura
870 3847 1083 3907 indumentum
1278 3850 1366 3909 trino
1379 3850 1489 3909 lenset
1501 3850 1554 3907 uni

256 3939 332 4012 ejus.
345 3938 457 3998 Nobilio
467 3938 498 3997 in
508 3944 596 4012 porta
604 3938 650 3997 vir
663 3937 741 4013 ejus,
756 3936 881 4013 quaudo
896 3936 1083 3997 sederitcum
1244 3938 1306 3998 Deo
1315 3938 1353 3997 sit
1363 3938 1519 3998 communi

256 4029 448 4089 aenatoribus
461 4032 555 4088 bna.
565 4027 729 4093 sindonem
742 4026 822 4100 lacit,
837 4031 867 4086 et
893 4025 1030 4093 vindidit,
1055 4029 1084 4083 et
1243 4030 1318 4087 cum
1331 4027 1473 4103 quesivit
1490 4029 1578 4087 Anna

257 4117 412 4191 cingulum
426 4116 547 4177 tradidit
566 4116 748 4178 chananae.
774 4115 927 4175 Fortitudo
939 4119 969 4175 at
992 4114 1084 4173 decor
1246 4118 1341 4181 Simul
1354 4132 1424 4177 aum
1437 4118 1538 4177 haria.

258 4214 468 4266 oruamentum
483 4207 559 4288 ejus.
575 4210 605 4265 et
617 4204 726 4265 ridebit
735 4206 768 4264 in
782 4204 831 4265 die
845 4204 1021 4263 novioduno.
1045 4204 1084 4263 0s
1280 4208 1367 4269 clara
1380 4206 1440 4265 disi
1467 4204 1580 4280 gaudia

259 4308 350 4352 snum
364 4296 481 4368 aperuit
494 4294 659 4371 sapientia,
677 4292 922 4354 etlexelsmautioe
937 4293 968 4351 in
979 4292 1121 4401 linguaD
1244 4296 1412 4359 tlodulatur
1431 4295 1572 4365 Ecclesia,

258 4382 554 4457 ejuscousiueravit
568 4383 811 4444 semihsdomus
834 4386 950 4450 sumet
977 4396 1085 4456 panem
1245 4389 1376 4445 insono
1390 4384 1442 4442 Dei
1467 4381 1591 4449 lamule,

258 4472 356 4533 otiosa
367 4486 430 4531 non
442 4472 584 4533 comedit.
601 4476 800 4533 surrexerunt
811 4471 866 4532 lilii
879 4471 957 4546 ejus,
972 4474 1003 4530 et
1014 4470 1086 4529 bea·
1245 4476 1385 4549 Pangans
1399 4472 1468 4532 caeli
1488 4470 1643 4531 miracuta.

259 4562 409 4621 tissimum
419 4558 677 4637 prensaveram
692 4562 819 4637 virejus,
831 4560 1084 4621 etlaudavileam.
1280 4568 1367 4623 Anna
1379 4566 1493 4639 Regum
1510 4560 1679 4635 progenies,

258 4652 354 4714 ltalia
367 4650 437 4711 fllia
468 4656 728 4723 mugregarerunt
754 4652 894 4713 muium:
924 4655 957 4709 tu
984 4653 1085 4709 autem
1247 4656 1282 4713 at
1295 4650 1491 4711 sacerdotum
1515 4648 1628 4719 sarim

259 4757 454 4816 supergressa
467 4737 635 4799 uniuersas.
652 4739 753 4801 Fallax
769 4742 878 4815 imago,
898 4744 928 4799 et
940 4754 1019 4798 uana
1041 4740 1088 4796 est
1209 4814 1213 4823 ¹
1247 4740 1376 4815 Stirpem
1388 4738 1535 4798 illustrem
1560 4736 1699 4797 Patribus

258 4830 452 4906 pulchritudo
468 4846 475 4889 :
490 4828 600 4889 mulier
614 4830 838 4897 timanslleum
862 4828 931 4905 ipsa
948 4827 1087 4886 laudabi-
1248 4829 1315 4889 Suis
1328 4828 1446 4889 ornavit
1458 4827 1587 4887 autibus.

259 4925 317 4979 tur.
334 4923 406 4979 llate
418 4921 446 4978 ei
468 4919 506 4978 de
519 4918 618 4978 lructu
640 4934 788 4978 manuum
813 4933 957 4977 sumum:
972 4921 1002 4974 et
1023 4916 1087 4974 lau·
1282 4920 1379 4993 Nupis
1394 4914 1460 4975 ciali
1477 4916 1593 4975 iudicio

260 5008 333 5069 dant
345 5008 453 5068 samin
464 5007 559 5084 portis
569 5008 747 5083 operarius.
763 5008 870 5065 Amen.
1248 5006 1338 5067 Fidsli
1351 5004 1544 5065 matrimonio
1566 5021 1574 5073 ;

295 5096 441 5169 dymnus.
459 5098 517 5156 Pro
532 5097 655 5173 speciali
668 5097 769 5157 linteo.
791 5096 989 5170 supplicatio.
1018 5095 1087 5154 Ore·
1247 5098 1385 5156 Fructum
1397 5092 1535 5166 concepit
1560 5091 1699 5151 coelieum

255 5203 330 5251 mus
341 5188 570 5261 Redemptorem
583 5187 699 5247 muudi.
713 5187 863 5259 Capitale.
884 5190 973 5255 baua,
983 5185 1037 5261 qui
1048 5184 1086 5243 de
1246 5186 1334 5244 iuxta
1348 5182 1469 5242 verbum
1493 5180 1680 5254 Angelieum.

45 5341 46 5344 ,
258 5277 356 5341 beatas
371 5276 469 5337 uaria
491 5276 681 5351 llagdalenie.
708 5277 824 5337 Mada.
858 5274 1085 5335 (terminabunt.
1283 5269 1460 5331 lnloecunda
1474 5284 1529 5344 pro
1544 5270 1698 5344 tempors;

54 5427 58 5436 ,
147 5386 152 5391 ’
264 5367 322 5443 14
336 5365 661 5426 Benedictiochristus
679 5365 837 5436 nomam,
863 5365 926 5440 qui.
957 5363 1087 5437 aequae
1246 5364 1382 5437 lltprops
1395 5373 1584 5418 marcescens
1598 5370 1724 5432 corpore

46 5465 48 5480 ·
263 5460 294 5513 ln
313 5456 446 5529 Vesperi&
469 5456 713 5529 praedantibus.
1248 5453 1368 5508 [lucrato
1376 5446 1471 5507 Puluis
1481 5446 1630 5505 luminum
