4117 6175
269 336 322 398 tce
891 310 1120 382 eanvuaruu
1136 310 1339 373 'Gotfllctllt
1923 316 1972 371 ru
2042 364 2043 373 Ν

307 462 422 519 Oratio.
446 457 591 515 Auxiliare
604 454 740 521 Domine,
760 455 790 509 et
802 450 915 524 adjuva
935 443 1098 504 Ecclesiam
1116 438 1140 495 ll
1189 434 1538 509 lntiptonolDiscedite
1564 431 1777 505 amemsllgni.
1787 431 1821 490 P.
1830 434 1972 501 Quoniam

269 554 462 622 tuam,quam
472 544 662 603 adversiarus
672 530 1097 607 nosternititursuscipcrede·
1153 524 1303 584 exaudivit
1314 526 1460 583 Dominus
1475 539 1581 583 vocem
1595 520 1761 595 lletusmei,
1773 524 1802 579 et
1811 520 1972 581 orationem

269 636 447 703 vorandam,
463 632 541 689 sicut
559 630 606 688 leo
621 633 745 703 paratus
758 625 798 684 ad
812 624 946 697 praedam
962 618 1099 688 :Exurge
1153 629 1253 672 meam
1263 614 1445 688 suscepiti'.
1460 612 1647 672 Leborsviin
1660 611 1772 683 gemitu
1782 611 1972 682 mso‚lavabo

266 724 332 797 J'am
344 724 477 788 Domine,
498 726 528 778 et
537 723 656 777 nostros
665 714 796 791 preveni
809 712 959 780 inimicos,
975 708 1099 767 subver·
1152 716 1206 775 per
1220 702 1354 775 singulas
1363 708 1467 762 noctes
1478 702 1589 762 lectum
1595 716 1698 759 meum
1711 716 1718 757 :
1733 698 1973 773 lachrymisstra·

269 818 335 870 tens
342 828 393 869 eos
404 815 433 869 et
444 810 594 885 passionis
602 806 731 879 gloriaet
739 800 963 861 resurrectionis
974 802 1033 855 tues
1050 811 1099 868 po·
1152 794 1215 847 tum
1231 806 1333 849 meum
1346 791 1463 864 rigabo.
1477 792 1515 848 P.
1528 790 1687 859 Quoniam.

268 902 360 959 tentia
374 918 381 954 ε
395 895 666 962 utconversisillis,
679 891 820 968 elpassio
841 895 893 948 tua
905 886 1034 946 victorias
1045 900 1099 943 no·
1187 880 1297 939 Oratio.
1318 880 1477 939 Discedunt
1492 896 1512 938 a
1529 883 1558 937 te
1579 878 1705 937 Domine
1727 892 1833 937 omnes
1853 876 1972 951 maligni

268 989 360 1045 bisin
379 1002 541 1043 commune
558 988 705 1057 praeparet
725 980 861 1051 titulum;
878 982 908 1037 et
920 974 1097 1034 resurrectio
1151 984 1227 1043 quos
1240 968 1345 1043 utique
1356 968 1609 1027 infidelitatissure
1616 982 1729 1038 vorago
1747 970 1807 1025 ate
1822 964 1972 1024 discedere

267 1076 428 1149 praemium
438 1072 572 1131 conferat
586 1072 812 1145 sempiternum.
828 1078 861 1140 lq.
875 1071 980 1124 lmen.
1150 1056 1238 1115 iecit:
1258 1072 1321 1115 non
1332 1073 1394 1131 quo
1412 1058 1469 1131 ipsi
1482 1056 1593 1131 poeneli
1607 1056 1718 1113 ulbone
1732 1071 1752 1112 a
1767 1058 1793 1112 le
1803 1054 1924 1129 perituri
1934 1070 1972 1113 re·

304 1166 359 1221 Per
372 1161 616 1220 misericordiam.
1150 1146 1276 1215 cedent3
1291 1146 1343 1203 sed
1359 1150 1393 1203 ut
1402 1145 1585 1205 infidelitatis
1594 1160 1701 1205 eornm
1720 1143 1893 1203 discedente
1908 1160 1972 1217 pro·
2000 1173 2003 1181 ·

304 1252 480 1322 antiplona
492 1254 519 1307 3.
536 1253 676 1307 Fructum
689 1247 893 1317 inimicorum,
911 1241 1045 1308 Domine,
1058 1240 1096 1299 de
1152 1236 1253 1309 tervia,
1276 1235 1435 1293 mitissime
1451 1234 1508 1293 levi
1524 1236 1598 1310 jugo
1613 1238 1665 1293 tuo
1684 1248 1739 1293 sue
1759 1233 1836 1293 colla
1849 1232 1971 1293 submit-

268 1344 346 1399 terre
361 1340 468 1413 perdes
483 1356 491 1397 ι
506 1343 535 1397 et
557 1353 660 1396 semen
677 1351 779 1394 eorem
799 1333 903 1392 aflliis
924 1330 1094 1389 hominum.
1150 1330 1222 1385 tant.
1242 1336 1276 1400 la.
1287 1325 1394 1386 Amen.

267 1429 305 1485 P.
314 1428 466 1496 Quoniam
477 1425 743 1484 declinaveruntin
755 1420 1096 1495 temale;cogitaverunl
1185 1419 1238 1473 Per
1252 1414 1501 1474 misericordiam.

267 1516 403 1583 consilia,
413 1529 483 1589 quse
496 1529 559 1573 non
573 1516 735 1587 potuerunt
743 1510 886 1570 stabilire.
898 1508 930 1572 it.
950 1507 1095 1564 Dominus
1184 1503 1399 1575 sareptenae.
1414 1503 1540 1562 Domine
1551 1503 1629 1561 Deus
1640 1517 1738 1575 meus,
1752 1503 1783 1561 in
1795 1506 1821 1561 te
1834 1501 1972 1577 speravi:

267 1604 298 1661 in
313 1604 359 1663 ira
376 1618 433 1661 sus
444 1600 634 1661 conturbabit
646 1616 710 1670 eos,
725 1605 754 1658 et
766 1596 921 1657 devorabit
934 1612 986 1653 eos
1003 1592 1093 1666 ignis.
1148 1594 1183 1651 P.
1202 1593 1290 1651 Salva
1303 1608 1364 1653 me:
1382 1591 1421 1651 ab
1437 1590 1588 1657 omnibus,
1604 1590 1656 1666 qui
1677 1606 1727 1649 me
1741 1596 1972 1666 persequuntur,

267 1692 301 1750 Ρ,
315 1690 475 1758 Quoniam,
1147 1679 1851 1755 liberame.it.ltequandorapiatutleoanimam
1859 1696 1973 1748 meam,

303 1790 335 1851 ru.
348 1782 425 1847 Quot
446 1783 518 1837 sunt
529 1778 594 1836 dies
608 1778 686 1835 servi
706 1776 772 1835 tuit
788 1776 821 1833 P.
836 1774 960 1834 Domine
969 1772 1093 1847 quando
1148 1771 1221 1829 dum
1231 1786 1293 1829 non
1307 1773 1351 1830 cst
1364 1769 1417 1844 qui
1428 1768 1566 1839 redimat,
1579 1768 1860 1843 nequequiselvum
1870 1768 1974 1843 iaciat,

267 1866 360 1927 iacies
372 1868 410 1926 de
424 1867 675 1941 persequentibus
688 1865 893 1939 mejudicium
907 1865 922 1921 i
934 1862 970 1926 t.
984 1864 1095 1921 Posce·
1147 1860 1182 1918 P.
1202 1858 1298 1919 Salva.

267 1961 337 2014 runt
361 1960 533 2030 peccatores
546 1955 673 2030 laqueos
687 1954 774 2014 milri:
798 1957 855 2013 eta
868 1951 1019 2011 mandatis
1033 1949 1092 2009 tuis
1183 1948 1295 2007 Oratio.
1314 1948 1440 2007 Domine
1450 1948 1529 2006 Deus
1547 1951 1718 2022 sperantem
1731 1947 1762 2005 in
1781 1950 1810 2005 te
1825 1949 1912 2005 tuem
1925 1950 1974 2005 Er-

266 2059 330 2103 ncn
344 2043 450 2104 erravi.
468 2045 500 2102 P.
517 2044 652 2102 Domine.
1147 2036 1268 2096 clesiam
1281 2036 1456 2111 selva3quae
1468 2052 1522 2111 per
1528 2039 1565 2107 te,
1577 2034 1631 2109 qui
1644 2049 1700 2110 pro
1711 2049 1747 2093 ea
1762 2050 1868 2108 passus
1880 2050 1916 2093 ss
1926 2051 1934 2104 ;
1946 2039 1973 2093 et

304 2134 418 2192 Preces.
439 2133 578 2191 Dicamus
592 2148 711 2191 omnes:
729 2133 863 2191 Miserere
880 2130 979 2199 uobis,
1001 2130 1090 2186 Deus.
1147 2126 1188 2187 ab
1199 2126 1341 2187 omuibus
1359 2124 1606 2201 persequentibus
1619 2124 1767 2193 liberetur,
1782 2129 1812 2184 et
1825 2140 1893 2183 cum
1911 2140 1974 2183 om·

266 2225 299 2280 P.
313 2222 597 2285 ltiserersnobist.
621 2224 665 2278 Tu
687 2220 867 2295 Redemptor
888 2222 958 2277 lesu
980 2218 1092 2276 Christe
1146 2214 1853 2292 nibusquitediliguntperpetimJ'ocundetur.le.
1868 2214 1973 2271 Amen.

266 2311 351 2369 salva
364 2312 688 2371 mundumtuamorte.
703 2312 736 2367 P.
747 2307 984 2369 llisererenobis.
994 2306 1092 2374 latini
1182 2305 1239 2364 Per
1255 2304 1501 2363 misericordiam.

143 2394 146 2404 '
266 2416 321 2474 pro
336 2400 424 2459 nobis
442 2416 475 2458 es
493 2415 663 2472 percussus,
678 2397 1026 2473 etiniquejudicatus.P.
1044 2394 1093 2452 lli-
1180 2395 1357 2465 Antiphone
1368 2397 1395 2451 3.
1415 2393 1566 2451 liberator
1583 2408 1670 2451 meus
1688 2394 1766 2450 Deus
1780 2390 1973 2464 degentibus

266 2504 362 2547 serere
381 2487 479 2547 nobis.
495 2486 527 2550 t.
543 2486 601 2555 Qui
613 2487 722 2559 ligatus
741 2502 860 2544 crucem
883 2488 997 2559 portas,
1019 2486 1048 2542 et
1061 2482 1092 2540 in
1147 2483 1311 2542 iracundis.
1325 2484 1360 2540 P.
1372 2482 1451 2541 litab
1466 2480 1689 2553 insurgentibus
1704 2482 1790 2539 inme
1804 2480 1899 2539 libera
1913 2496 1973 2547 me.

265 2594 353 2636 eruce
375 2578 495 2635 Patrem
520 2592 622 2635 vocas.
651 2578 686 2635 P.
711 2576 857 2633 Miserere.
883 2573 914 2637 t·
938 2574 1029 2646 quus
1051 2572 1093 2630 la·
1148 2572 1284 2631 Domine.
1303 2571 1336 2635 it.
1352 2570 1678 2645 Dilligamte,Domlne
1692 2569 1788 2628 virtus
1801 2577 1891 2629 mea:
1916 2570 1975 2627 Do·
2042 2626 2043 2635 ,

265 2674 314 2725 tus
326 2666 503 2741 perfoditur,
516 2669 546 2724 et
558 2663 711 2724 humilitas
725 2664 874 2723 irridetur.
903 2663 937 2719 P.
957 2660 1092 2720 llisersre
1146 2662 1248 2720 minus
1262 2661 1488 2719 firmamentum
1502 2675 1616 2733 meum,
1631 2663 1660 2719 et
1670 2658 1919 2719 liberatnrmeus.
1942 2658 1974 2713 P.

264 2754 364 2815 nobis.
1148 2755 1181 2810 Et
1193 2752 1234 2810 ab
1244 2750 1477 2823 insurgentibus.

300 2846 450 2918 Hymnus.
471 2845 662 2911 otteramno,
677 2844 728 2901 lux
740 2844 801 2916 sot.
819 2844 879 2901 til.
1182 2840 1504 2915 tellumiliatussumet
1511 2842 1727 2898 curvatussum
1734 2851 1972 2913 usquequaque:

300 2934 456 3004 Capitale.
469 2933 608 2988 Fructum
618 2930 956 3000 inimicorum,Domine,
970 2929 1093 2987 deterre
1147 2932 1180 2988 P.
1193 2934 1265 2992 Tota
1280 2930 1325 2989 dle
1337 2930 1529 2989 contristatus
1550 2927 1756 2987 ambulabam.
1771 2928 1805 2991 r.
1822 2926 1973 2995 Quoniam

264 3018 415 3094 disperde,
431 3023 460 3076 ct
471 3032 575 3075 semen
586 3034 720 3077 eoruma
733 3018 806 3077 filiis
820 3018 990 3088 hominum,
1001 3017 1092 3092 quite
1147 3021 1249 3079 enims
1267 3036 1337 3079 mea
1364 3020 1514 3095 completa
1527 3023 1574 3078 est
1584 3016 1791 3077 illusionibus:
1807 3019 1836 3075 et
1849 3030 1915 3073 non
1931 3019 1974 3074 est

265 3123 361 3166 unum
391 3106 539 3164 christum
562 3107 624 3174 Dei,
648 3112 677 3164 et
685 3107 818 3164 hominis
830 3107 937 3165 Filium
957 3093 1127 3166 confiteriC
1148 3111 1261 3170 sanitas
1278 3110 1310 3168 in
1325 3124 1414 3168 earne
1426 3125 1502 3168 mea.
1516 3111 1548 3165 P.
1561 3108 1702 3168 Totadie.

264 3193 1090 3269 retugimtmtcruxtuaqueiudeisestsesndslum,
1180 3200 1298 3260 Preces.
1320 3198 1401 3258 Servi
1424 3198 1479 3266 tui,
1507 3198 1643 3270 Domine,
1659 3196 1795 3256 acclives.
1812 3199 1842 3253 P.
1863 3193 1970 3254 lliseri·

265 3284 430 3344 Gentilibus
441 3282 966 3360 antemstultitia‚ntrosquepopulos
976 3283 1093 3342 adfidei
1146 3289 1259 3349 cordia.
1271 3289 1303 3352 t.
1317 3289 1361 3346 Da
1371 3288 1493 3346 veniam
1502 3286 1682 3362 delictis,qui
1696 3301 1730 3344 es
1756 3285 1864 3344 illusus
1879 3283 1972 3357 269

264 3374 401 3448 regulam
413 3373 539 3446 dirigat3
550 3371 664 3447 tibique
678 3372 931 3440 conectendos.ac
945 3388 1093 3433 coronan-
1146 3378 1185 3438 ab
1204 3377 1353 3452 impiisp.
1370 3375 1579 3435 llissrieordin.
1590 3387 1623 3450 p.
1637 3377 1718 3442 Quos
1726 3373 1860 3432 liberasti
1869 3387 1971 3440 cruce.
2042 3399 2043 3406 .

264 3463 321 3523 dos
335 3463 401 3522 sine
411 3462 472 3520 flue
486 3461 660 3535 conjungat·
1144 3483 1208 3527 non
1219 3467 1341 3541 patiaris
1352 3465 1452 3524 venire
1466 3464 1499 3523 in
1512 3469 1646 3523 mortem.
1659 3465 1693 3524 P.
1707 3461 1919 3523 llisericcrdia·
1940 3462 1971 3524 v.

301 3555 385 3610 Pater
402 3555 512 3609 noster.
664 3585 670 3591 -
1144 3555 1256 3614 abusio
1269 3553 1311 3614 tui
1336 3553 1492 3626 sanguinis
1510 3552 1615 3612 'valeat
1636 3553 1676 3612 sd
1694 3550 1899 3612 liberationem
1927 3565 1971 3608 re·

574 3639 624 3697 Ad
637 3640 773 3699 Sestum.
1144 3644 1284 3720 demptis.
1299 3643 1331 3702 P.
1341 3641 1555 3702 Misericordia.

300 3729 400 3789 Lectio
414 3728 485 3787 titre*
495 3728 660 3788 Ezechielis
671 3728 830 3801 Proptetoe
842 3729 928 3805 (cop.
941 3734 1053 3800 xxvsrr).
1178 3735 1332 3806 Hymnus.
1355 3734 1378 3792 0
1393 3735 1553 3802 Nsaerene,
1564 3732 1627 3790 lux.
1640 3731 1695 3802 tot.
1710 3732 1771 3788 lit.

301 3830 334 3893 le·
345 3817 541 3890 Deosraties·
1180 3823 1293 3882 Oratio.
1309 3823 1461 3881 liberator
1486 3825 1588 3880 noster
1605 3824 1635 3879 et
1650 3819 1784 3888 Domine,
1814 3819 1855 3877 da
1877 3820 1970 3879 nobis

298 3911 408 3967 Paetus
414 3914 561 3968 estsermc
568 3906 687 3968 Domini
697 3908 736 3966 ad
746 3923 795 3966 me
805 3908 923 3967 dicens:
933 3907 986 3966 Pili
994 3908 1091 3967 bomi-
1144 3927 1280 3972 amorem
1291 3910 1435 3985 diligendi
1445 3915 1492 3979 te;
1508 3915 1541 3968 ut
1551 3907 1711 3968 laudantes
1729 3909 1907 3967 invocemus
1920 3913 1969 3966 te:

265 4000 321 4069 nis,
335 4013 414 4072 pone
423 3997 623 4056 iaciemtuam
638 3996 907 4056 contrsSidonem:
924 4001 953 4055 et
962 3997 1091 4070 prophe·
1144 4007 1173 4061 el
1183 4006 1217 4060 tu
1232 4002 1332 4060 mittas
1341 4002 1464 4074 sagittas
1478 4003 1557 4072 tues,
1566 4002 1597 4057 et
1604 3997 1735 4073 dissipes
1746 3997 1887 4056 inimicos
1898 4013 1970 4056 nos·

263 4087 343 4147 tabis
353 4087 392 4146 de
405 4103 451 4155 ea,
466 4090 495 4144 et
509 4085 606 4143 dices:
619 4085 932 4144 flacdieitnomiuus:
948 4089 1022 4144 licce
1034 4100 1090 4160 ego
1144 4096 1220 4160 tros;
1232 4095 1261 4148 et
1279 4089 1388 4165 eripias
1402 4105 1458 4147 nos
1470 4087 1510 4146 ab
1521 4088 1568 4145 his
1581 4086 1850 4161 quiodernntnos:
1864 4085 1970 4159 sicque

264 4177 305 4236 ad
324 4182 352 4237 te
367 4177 467 4246 Sidon,
479 4180 508 4234 et
522 4173 715 4247 glorificabor
723 4173 755 4231 iu
765 4174 867 4232 medio
875 4175 934 4232 tui:
951 4180 980 4232 et
997 4175 1092 4234 scient
1144 4177 1532 4238 stilliconiundanlnrdum
1548 4179 1754 4234 conteruntur:
1764 4173 1971 4248 etnosiocun·

264 4266 399 4340 quiaego
409 4264 563 4336 Dominus,
577 4277 648 4319 cum
661 4261 758 4321 fecero
772 4261 803 4320 in
811 4277 848 4320 ea
859 4262 1089 4336 judiciaetsan·
1143 4268 1251 4325 demur
1262 4271 1291 4326 st
1303 4283 1373 4324 eum
1385 4270 1439 4324 tua
1451 4263 1634 4340 protectione
1646 4263 1808 4324 salvemur.

265 4353 412 4411 ctitiostus
427 4351 511 4410 tuero
521 4351 551 4409 in
565 4367 610 4409 ea.
626 4354 661 4409 lit
671 4350 789 4410 mittam
801 4351 828 4409 ei
842 4351 1090 4426 pestilentiam‚et
1179 4356 1263 4414 Pater
1276 4358 1387 4414 noster.

264 4440 443 4514 sanguinem
457 4441 488 4497 in
502 4440 609 4514 plateis
618 4439 700 4512 ejus:
717 4445 745 4498 et
753 4444 892 4498 corruent
905 4441 1049 4500 interlecti
1058 4441 1090 4500 in
1103 4445 1126 4502 D
1450 4444 1499 4502 Ad
1514 4445 1637 4504 Nonum.

264 4529 366 4588 medio
381 4528 446 4602 ejus
454 4527 555 4601 gladio
565 4529 796 4605 percircuitum:
806 4533 835 4586 ei
843 4529 1017 4604 scientquia
1033 4545 1090 4604 ego
1391 4532 1579 4592 ecclesiastes
1591 4531 1715 4606 (Ospa)

265 4620 419 4678 Dominus.
434 4621 468 4676 El
479 4619 608 4677 nouerit
621 4617 813 4677 ultradomus
831 4617 1090 4678 lsraelollendicu·
1179 4633 1212 4696 lp.
1233 4626 1292 4680 Deo
1308 4621 1429 4694 gratias.

264 4707 1089 4784 lumamaritudinis,etspinadoloreminterensundique
1180 4711 1241 4782 Fili,
1257 4711 1352 4770 verba
1366 4711 1427 4770 oris
1442 4710 1584 4785 sepientis
1606 4710 1720 4782 gratia:
1746 4713 1776 4768 et
1793 4708 1877 4768 labia
1899 4709 1975 4768 insi·

263 4800 479 4872 percircnitum
488 4795 656 4869 eorum,qni
669 4796 865 4855 adversantur
876 4797 938 4856 eis:
954 4803 983 4856 et
996 4800 1091 4858 scient
1143 4800 1253 4876 pientia
1266 4799 1500 4874 precipitebunt
1515 4798 1719 4858 eumlnitinm
1728 4798 1889 4858 verborum
1905 4798 1975 4872 ejus

263 4886 335 4959 quia
342 4902 399 4959 ego
410 4902 476 4944 sum
483 4883 634 4946 Dominus
640 4886 717 4941 Deus
730 4883 857 4950 Quando
866 4901 1090 4960 congregavero
1143 4889 1275 4959 stultitia,
1290 4893 1319 4947 et
1330 4887 1528 4947 novissimum
1542 4888 1603 4948 oris
1614 4887 1692 4946 illins
1715 4902 1797 4946 error
1806 4887 1974 4962 pessimus.

263 4973 390 5032 domum
399 4973 490 5034 Israel
501 4974 540 5032 de
553 4970 682 5048 populis,
691 4972 723 5030 iu
732 4972 845 5047 quibus
865 4974 995 5050 dispersi
1008 4981 1087 5044 sunt,
1144 4978 1256 5038 Stultus
1268 4977 1362 5036 verbe
1376 4977 1562 5052 multiplicat.
1577 4976 1799 5050 ignorathomo,
1812 4975 1889 5050 quid
1902 4979 1976 5034 ants

263 5063 474 5122 sanctificabor
484 5063 516 5121 iu
534 5063 577 5121 eis
590 5077 694 5122 eorem
705 5062 858 5135 gentibus:
872 5069 901 5123 et
909 5064 1090 5125 habitabunt
1143 5067 1251 5128 luerit:
1264 5071 1293 5126 et
1308 5068 1383 5141 quid
1406 5071 1475 5142 post
1496 5065 1703 5125 iuturumest:
1720 5065 1787 5140 quis
1809 5061 1850 5122 illi
1861 5063 1977 5138 poterit

262 5151 293 5211 in
308 5157 418 5210 terram
432 5165 530 5220 suem,
547 5166 642 5225 quam
655 5149 727 5209 dedi
745 5166 831 5211 servo
844 5167 912 5210 meo
932 5153 1037 5212 Jacob.
1057 5157 1090 5213 Et
1142 5154 1684 5228 indicaretLeborstnltorumallllget
1694 5171 1755 5224 eos,
1765 5154 1817 5229 qui
1831 5154 1977 5213 nesciunt

261 5240 442 5301 habitabunt
455 5240 486 5298 iu
511 5253 549 5300 ea
570 5239 688 5299 securi:
708 5245 738 5298 et
756 5240 950 5301 edificabunt
969 5243 1087 5318 domos,
1143 5245 1175 5304 in
1190 5248 1296 5305 urbem
1310 5259 1443 5320 pergere.
1455 5245 1503 5301 ve
1510 5244 1563 5302 tibi
1579 5247 1667 5314 terra,
1677 5244 1764 5317 eujns
1774 5245 1975 5316 rexestpuer.

261 5331 502 5405 plantabuntque
515 5328 633 5401 vineas,
653 5332 682 5386 et
700 5328 880 5388 habitabunt
894 5331 1087 5399 confidenter,
1143 5338 1171 5392 et
1184 5349 1272 5406 cujus
1289 5334 1439 5408 principes
1450 5331 1976 5402 manecomedunt.lleetcterra,cu·
2042 5379 2043 5414 ,

262 5435 332 5479 eum
341 5420 440 5480 fecero
449 5416 562 5492 judicia
574 5415 606 5474 iu
619 5415 761 5474 omnibns
774 5419 827 5491 qui
838 5419 1036 5479 adversantur
1047 5419 1090 5478 eis
1140 5424 1191 5499 jus
1198 5438 1251 5482 rex
1260 5423 1368 5481 nobilis
1380 5426 1434 5492 est,
1457 5422 1582 5496 etonjns
1596 5421 1746 5498 principes
1761 5423 1927 5480 vescuntur
1941 5420 1977 5478 in
2042 5419 2043 5424 ’

262 5509 495 5580 percircuitum:
509 5505 640 5565 etsclent
656 5504 794 5579 quisego
803 5507 947 5567 Dominus
960 5512 1090 5568 Deuseo·
1142 5515 1276 5586 tempore
1288 5527 1354 5579 suo,
1368 5511 1408 5570 ad
1421 5511 1628 5583 reficiendum,
1643 5515 1673 5570 et
1695 5525 1759 5570 non
1772 5514 1818 5570 est
1829 5510 1870 5570 ad
1883 5508 1978 5568 luxu·
2042 5477 2043 5538 ¹

262 5599 504 5669 rum.p.amen.
1141 5597 1979 5676 riam.lnpigritiabumiliablturcontignatio,etinfirmi·
