4117 6175
240 268 296 331 223
722 286 727 294 ·
872 248 1101 313 naevueruu
1121 248 1325 309 eorurcuu.
1476 278 1478 284 -
1895 254 1951 312 res

280 394 328 453 dd
339 385 817 457 Benedictusdstipdoaa.snpra
830 382 972 441 thronum
982 377 1070 451 regin
1083 378 1108 433 tt
1159 377 1244 436 Pater
1265 380 1377 436 noster.
1391 376 1425 435 Et
1439 391 1478 435 ne
1497 390 1564 435 nus.
1593 373 1751 434 liberalite
1765 375 1856 441 malo,
1885 380 1946 435 etc.

240 466 275 543 in
289 482 481 541 firmamento
499 475 577 543 coeli,
588 474 765 532 benedictus
780 472 936 530 Dominus.
1125 468 1231 537 Quare
1241 467 1295 539 sot.
1309 472 1337 526 2.

282 572 446 631 Canticum.
468 565 643 623 Benedictus
656 580 689 621 es
709 562 834 622 Domine
855 562 942 618 Deus.
968 558 1025 630 sol.
1042 561 1070 614 6.
1161 556 1304 615 Dominus
1315 556 1353 614 sit
1363 570 1492 629 semper.
1506 564 1541 626 re.
1560 556 1592 612 et
1604 569 1683 611 eum.

282 660 395 719 Oratio.
408 655 532 713 Domine
543 656 620 711 Deus
633 655 752 726 patrum
763 654 945 709 nostrorum.
953 649 1011 720 fot.
1024 649 1069 704 93.
1160 645 1267 703 Lauda
1286 647 1407 703 cantate
1417 643 1546 702 Domino
1556 641 1708 702 canticum
1727 656 1841 701 novum
1857 659 1864 698 ι
1878 642 1955 701 tlte-

281 750 367 807 Scao.
377 747 457 802 Deus
470 744 549 801 Deus
560 742 696 799 meusod
709 746 737 799 te
747 741 785 799 de
796 740 862 798 luce
871 738 971 811 vigilo.
986 738 1018 793 P.
1030 734 1073 794 Si·
1125 731 1197 798 luia,
1211 732 1340 791 alleluia.
1355 732 1388 795 t.
1404 733 1481 790 laus
1495 731 1560 806 ejus
1581 731 1613 788 in
1625 728 1756 787 Ecclesia
1781 734 1956 789 sanctorum
2057 732 2058 741 ’

246 837 310 896 tivit
321 836 424 893 anima
436 848 515 891 mea.
525 831 657 899 Alleluia,
673 829 802 889 alleluia.
817 830 849 892 it.
865 830 898 886 in
918 824 1072 885 matutinis
1126 820 1263 879 Alleluia.

247 924 492 984 meditaborinte
508 914 1071 996 :quiaiuirtiadjutormeus,Domine.
1162 910 1344 968 Benedictio.
1373 908 1504 968 Christus
1535 908 1690 976 Dominus,
1716 907 1770 981 qui
1798 908 1957 967 erraticam

246 1016 280 1072 Et
290 1013 322 1070 in
340 1012 509 1069 velamento
521 1008 638 1067 alarum
656 1012 777 1066 tuarum
793 1005 933 1078 sperabo.
945 1003 977 1061 P.
995 1002 1073 1059 bile-
1127 1014 1217 1056 ovem
1230 997 1332 1067 Qucre
1342 998 1400 1070 sol.
1416 1001 1478 1054 tte.

247 1101 321 1172 luia,
335 1099 464 1157 alleluia.
1163 1091 1197 1144 ln
1211 1087 1334 1146 nomine
1349 1086 1479 1155 Domini,
1495 1090 1550 1145 etc.

281 1206 398 1264 Lam
419 1203 550 1263 Laudato
571 1201 733 1260 nominum
758 1200 797 1258 dg
821 1197 924 1256 0035„
939 1196 1065 1255 Aperui,
1166 1175 1459 1234 commemorationes
1469 1176 1621 1245 dicantur,
1634 1180 1666 1233 ut
1679 1176 1711 1233 in
1720 1176 1774 1247 sol.
1784 1180 1827 1233 et.
1841 1176 1914 1235 Item
1922 1177 1960 1254 irc

247 1294 374 1354 alleluja,
391 1295 525 1352 psalmus
539 1307 651 1349 fflvffl,
1068 1258 1076 1285 '
1131 1273 1255 1325 exeunte
1268 1266 1513 1337 vesperascente
1522 1265 1673 1337 dicuntur,
1683 1271 1717 1323 ut
1726 1267 1758 1323 io
1768 1272 1891 1324 coeunte
1907 1268 1958 1323 Ve-

1130 1369 1215 1427 spera
1228 1354 1372 1426 deprimo
1381 1354 1754 1425 Dominicopostoctcvcm
1763 1354 1957 1425 temptante,

283 1500 316 1561 st,
332 1490 392 1545 000
407 1486 530 1557 gratias·
1128 1444 1187 1514 fot.
1204 1446 1248 1500 94.
1261 1442 1388 1514 exceptis
1401 1442 1550 1514 Epistola,
1564 1447 1592 1501 et
1603 1442 1818 1500 Benedictione
1830 1459 1897 1517 quc
1911 1458 1957 1501 se-

283 1576 346 1648 riti,
363 1579 433 1632 sunt
444 1573 564 1646 iustiae
581 1572 741 1646 sapientes,
758 1580 786 1628 et
804 1587 897 1645 opera
918 1585 1024 1629 eorum
1043 1570 1074 1627 in
1129 1537 1275 1677 ¹⁸¹¹(mtf‘r'
1470 1618 1476 1631 .
1596 1622 1605 1635 .
1750 1618 1755 1629 .
1838 1623 1847 1635 .

247 1681 341 1724 manu
353 1665 405 1721 Dei
418 1679 427 1720 r
438 1667 577 1721 ettamen
587 1661 682 1719 nescit
690 1662 794 1727 homo,
806 1665 907 1719 utrum
921 1675 1025 1718 amore
1035 1675 1075 1718 an
1188 1636 1263 1723 Μ’
1276 1619 1394 1678 ⁰¹⁰¹⁵⁰¹¹¹
1411 1618 1534 1720 (fhmte’
1552 1618 1673 1677 ⁰¹⁰¹⁵⁰¹¹'
1689 1618 1918 1717 ‘¹¹¹⁰'⁰.¹⁰¹⁸.⁰¹¹'

246 1754 319 1812 odio
331 1753 441 1825 dignus
455 1751 491 1809 sit
506 1769 513 1808 ε
526 1750 694 1810 sedomnia
705 1728 1115 1807 infuturumreservantur¹3
1165 1710 1323 1857 gamwfa'.
1344 1709 1538 1808 ⁰m¹²¹¹3⁰¹⁰¹¹⁵
1553 1710 1631 1765 ⁰⁹⁰⁸
1649 1711 1734 1765 mam
1752 1706 1882 1805 Ψάἶεω·

247 1844 370 1910 imm,
390 1858 426 1899 ω
440 1840 524 1915 quod
537 1840 677 1898 universa
688 1854 774 1913 mque
795 1840 935 1897 mmm
945 1837 1027 1910 justo
1049 1853 1079 1912 et
1194 1799 1349 1899 caedictro.
1366 1797 1511 1898 Dominus
1525 1809 1583 1897 nos
1596 1811 1652 1853 sua
1663 1794 1881 1854 benedictione.
1895 1795 1955 1867 sot.

246 1933 350 2005 impio,
365 1931 446 1989 bono
458 1934 487 1988 et
497 1928 589 1996 malo,
602 1928 718 1987 mundo
735 1933 764 1987 et
783 1928 952 1994 immundo,
966 1928 1078 1985 immo-
1134 1891 1194 1946 ¹⁰⁰·
1211 1887 1320 2042 ‘³3²2‘ss
1321 1885 1699 2033 dalilaDultlgfflcsgnggT
1708 1970 1775 2031 001,
1776 1972 1823 2029 AV
1822 1972 1872 2030 Au

246 2020 321 2079 lenti
335 2019 481 2120 victimas,
497 2022 527 2075 et
537 2017 686 2075 sacrificia
695 2017 898 2119 contemnenti
914 2034 921 2073 :
935 2016 1077 2118 sicutbo3
1442 2062 1636 2119 EPlPHANIAE

245 2125 311 2179 nus,
336 2125 390 2210 stc¹
401 2114 431 2166 et
443 2112 603 2182 peccator:
620 2111 653 2165 ut
673 2122 822 2208 perjurus,
840 2111 883 2163 ria
896 2109 926 2163 et
939 2106 998 2205 ille,
1024 2104 1080 2181 qu¹
1359 2150 1489 2210 sabbato
1503 2150 1544 2209 ad
1563 2104 1735 2221 Vmbram·

245 2213 352 2256 rerum
361 2198 485 2255 dixerat.
498 2199 558 2254 lloe
568 2200 612 2253 est
620 2211 788 2269 pessimum
797 2199 876 2253 inter
886 2209 1000 2260 omma,
1009 2209 1078 2267 quae

247 2287 324 2345 liunt
335 2287 392 2346 sub
403 2286 476 2352 sole,
489 2285 564 2360 quia
574 2283 680 2342 eadem
695 2284 810 2342 cunctis
820 2283 963 2341 eveniunt
977 2303 984 2339 ι
996 2281 1078 2339 unde
1134 2237 1778 2397 sassgg‘falg.lgtnffibdssissngffssmffimss
1791 2238 1961 2394 Βῗίῑῑῖῗαὲῖ

1133 2418 1165 2477 in
1179 2419 1272 2477 domo
1286 2417 1415 2485 Domini,
1429 2417 1461 2474 in
1473 2416 1555 2475 atriis
1567 2416 1678 2476 domus
1693 2416 1745 2474 Dei
1761 2416 1866 2476 nostri.
1881 2416 1914 2473 P.
1927 2418 1961 2475 et

1134 2505 1308 2564 benedicite.

1171 2594 1282 2652 Oratio.
1298 2594 1331 2649 ln
1345 2592 1483 2652 noctibus
1495 2596 1733 2653 manusnostras
1744 2592 1784 2651 ad
1800 2599 1828 2651 te
1845 2592 1960 2651 extolli·

1133 2698 1202 2741 mus
1216 2682 1351 2755 Domine,
1366 2686 1400 2740 ut
1415 2698 1472 2740 nos
1483 2682 1515 2740 in
1528 2681 1659 2742 Ecclesia
1674 2686 1726 2740 tua
1737 2681 1814 2741 fixos
1829 2685 1961 2749 saluas:

1133 2787 1169 2829 ec
1181 2771 1255 2829 dum
1274 2770 1480 2829 mundialibus
1493 2770 1696 2846 imprimimur
1711 2770 1845 2839 sarcinis,
1858 2776 1962 2829 nostra

1132 2860 1257 2921 laudare
1269 2865 1298 2920 te
1308 2860 1424 2919 actione
1438 2860 1596 2919 concedas.
1613 2872 1646 2932 p.
1661 2861 1766 2919 Amen.
1784 2863 1837 2918 Per
1847 2860 1962 2919 miseri·

1133 2950 1277 3008 cordiam.

1093 3076 1115 3135 C
1169 3040 1260 3098 Seno.
1279 3037 1437 3110 Pelagium
1451 3054 1554 3098 meum
1569 3058 1575 3099 :
1590 3038 1668 3097 Deus
1682 3052 1769 3097 meus
1784 3036 1914 3113 sperabo
1931 3036 1960 3094 in

1133 3143 1212 3186 eum.
1228 3128 1378 3196 Quoniam
1392 3127 1458 3200 ipse
1473 3128 1505 3185 P.
1519 3127 1666 3186 Liberavit
1681 3144 1729 3185 me
1740 3127 1777 3184 de
1792 3126 1961 3200 muscipula

1132 3215 1316 3282 venantium,
1332 3220 1390 3275 eti
1404 3216 1624 3290 verbaespsro.
1640 3216 1774 3275 Alleluia.
1790 3216 1822 3280 i.
1836 3215 1891 3283 Qui
1910 3215 1962 3272 ha-

1131 3306 1208 3365 bitat
1225 3305 1257 3362 in
1278 3305 1462 3380 adjutorium
1483 3305 1635 3375 Altissimi,
1651 3307 1683 3365 in
1705 3306 1887 3380 protectione
1911 3305 1963 3361 Dei

1132 3394 1200 3454 eoeli
1210 3394 1460 3454 commorabitur.
1479 3395 1555 3454 Dicit
1565 3396 1626 3456 Deo
1642 3413 1650 3465 ;
1664 3397 1825 3469 susceptor
1834 3409 1922 3452 meus
1932 3409 1963 3450 es

292 1402 393 1461 Lectio
407 1400 478 1456 tidri
490 1399 680 1455 Ecclesiastes
691 1396 857 1454 submersis
872 1393 960 1466 (cup.
975 1394 1027 1464 ιι).

247 2380 277 2433 et
300 2375 393 2435 eorda
406 2375 539 2433 tiliorum
556 2372 718 2431 bominum
732 2371 896 2445 implentur
913 2370 1032 2429 malitia
1051 2374 1080 2429 et

247 2466 420 2538 contemptu
433 2464 464 2523 in
472 2464 533 2522 rita
545 2478 612 2531 sua,
622 2466 651 2519 et
660 2465 728 2534 post
740 2461 806 2519 baec
818 2459 974 2518 adinteros
985 2458 1080 2517 dedu·

246 2558 359 2611 centur.
369 2556 462 2611 Nemo
468 2556 514 2610 est
527 2552 580 2625 qui
592 2566 711 2624 semper
724 2550 813 2617 vivat,
828 2549 918 2623 etqui
925 2548 1016 2622 hujus
1036 2560 1080 2618 rej

245 2639 603 2715 babeat115liduciam
617 2635 1079 2697 :meliusestoanisrirensleone

245 2736 376 2789 mortuo.
391 2731 530 2787 Viventes
541 2729 623 2786 enim
637 2728 736 2785 sciunt
749 2742 782 2785 se
791 2726 961 2784 morituros.
975 2725 1080 2784 Mortui

245 2834 317 2877 vero
329 2817 404 2878 nihil
413 2822 561 2876 noverunt
569 2817 711 2892 amplius,
726 2831 783 2875 nec
791 2815 906 2875 habent
917 2815 1079 2873 ultramur-

245 2908 369 2968 cedem:
383 2908 456 2982 quia
464 2906 608 2966 oblivioni
617 2905 776 2964 traditaest
791 2904 940 2964 memoria
960 2918 1075 2962 eorum.

245 3004 473 3069 Amorquoque,
486 2995 639 3065 etodium,
649 2999 678 3051 et
687 2993 801 3051 invidia
813 2992 904 3051 simul
914 2994 1077 3066 perierunt,

243 3098 299 3140 nec
311 3081 586 3154 hebentpartemin
600 3082 658 3139 boo
671 3081 793 3146 seculo,
810 3084 839 3139 et
847 3080 881 3139 in
889 3096 981 3154 opere
993 3079 1078 3155 quod

246 3169 303 3226 sub
315 3168 378 3227 sole
396 3168 520 3240 geritur.
547 3168 628 3226 Vade
643 3183 715 3239 ergo
739 3171 768 3225 et
781 3167 906 3226 comede
918 3169 951 3224 in
977 3169 1078 3227 lentitia

245 3273 358 3332 penem
373 3260 469 3324 tuum,
488 3255 599 3315 etbibe
626 3273 697 3314 eum
715 3255 828 3327 gaudio
841 3256 944 3314 vinum
969 3260 1077 3315 tuum:

245 3346 319 3422 quia
328 3349 388 3406 Deo
402 3345 521 3420 placent
534 3361 628 3422 opera
637 3351 704 3408 tua.
722 3356 755 3417 re.
771 3348 876 3403 Amen.

281 3455 431 3527 Hymm'
446 3453 594 3528 spl⁶¹¹d⁰¹
606 3458 749 3527 pamm·
763 3453 821 3524 ¹⁰¹·
835 3457 879 3510 ⁶⁷·
1131 3492 1165 3545 tu
1174 3487 1252 3542 Deus
1263 3501 1362 3543 meus.
1376 3488 1406 3542 P.
1422 3485 1578 3544 Liberavit.

281 3559 478 3630 Supplicutio.
520 3561 645 3618 Dremus
689 3558 918 3632 redemptorem
957 3560 1075 3619 mundi.
1168 3573 1313 3632 pominus
1328 3573 1373 3631 sir,
1391 3585 1423 3645 ἢ,
1437 3577 1473 3633 Eg
1486 3590 1566 3633 gum,

247 3644 353 3714 Quoere
365 3647 421 3717 fol·
439 3651 485 3705 ⁶⁶·
1168 3663 1345 3733 Antiphone.
1372 3665 1446 3721 llcce
1459 3665 1571 3721 clamat
1584 3667 1706 3730 eustos;
1721 3661 1794 3720 Veni
1805 3676 1907 3730 mane,
1935 3665 1965 3720 et

283 3749 1079 3824 Capitulu-Duentamtibi,Domine,ereaturatuaoffe·
1132 3750 1271 3810 noctae.
1281 3749 1312 3807 Si
1322 3751 1607 3826 queritis,quaerite.
1620 3749 1840 3815 Convertimini,
1853 3750 1963 3808 venite.

246 3838 1080 3917 ratlaudemtnumquidhumanislaudibusaliquidpro
1133 3839 1165 3908 it.
1184 3840 1295 3908 Venite,
1320 3839 1488 3898 exultemus
1502 3840 1534 3898 in
1548 3840 1676 3898 Domino
1690 3857 1697 3896 :
1712 3838 1875 3912 jubilemus
1902 3839 1965 3898 Deo

246 3925 1082 4002 dois,autegesquidpiam,utterrenorumlaudibusde.
1135 3929 1259 3987 salutari
1272 3933 1390 3988 nostro.
1409 3932 1440 3987 P.
1464 3930 1493 3987 st
1511 3929 1652 4005 queritis.
1669 3929 1700 3993 ir.
1723 3927 1830 4001 Gloria,
1853 3933 1909 3986 ete.
1934 3915 1965 3986 Si

246 4010 875 4091 lectorisiquitemlaudabilislaudabiliter
888 4019 1081 4078 conlaudaris
1134 4017 1278 4091 queritis.

246 4103 1081 4180 insanetis;tentisqueacclamarisprreconiislegis‘lSed
1171 4105 1316 4163 Dominus
1335 4103 1384 4164 sit.
1397 4115 1429 4180 tp.
1446 4107 1572 4164 Etcum.

248 4192 316 4251 ideo
331 4201 446 4266 partem
460 4196 719 4257 laudisdelectaris
729 4197 874 4271 accipere,
888 4198 943 4272 qui
955 4197 1078 4270 plenam
1170 4195 1284 4252 Lauda.
1294 4193 1606 4268 tdhaesitparimento
1615 4193 1804 4260 animamea,
1814 4191 1941 4252 Domine
1955 4211 1964 4249 ε

248 4281 452 4343 laudationem
462 4285 553 4346 etiam
563 4284 772 4344 laudatoribus
785 4286 1021 4345 nostioonierre.
1037 4289 1081 4346 Da
1133 4284 1167 4340 P·
1182 4281 1305 4341 Vivifita
1319 4298 1368 4340 me
1383 4283 1550 4340 secundum
1563 4283 1692 4343 verbum
1711 4287 1809 4342 tuum·
1824 4279 1963 4340 Alleluia·

247 4374 725 4446 crgoDominedignuminnobis,
734 4373 1081 4447 quoddigneconlaude·
1095 4421 1118 4480 D
1133 4370 1263 4437 alleluia,
1278 4369 1407 4429 alleluia.
1421 4371 1452 4435 ii.
1472 4371 1541 4429 Vias
1555 4388 1640 4432 meas
1654 4371 1839 4438 annuntiavi,
1857 4374 1887 4428 et
1913 4386 1967 4428 ex·

247 4460 289 4517 ris
307 4463 445 4521 duobis:
461 4466 499 4520 Te
513 4468 684 4536 potentatus
694 4461 822 4520 coelestis
839 4461 952 4519 militia
966 4462 1078 4520 indesi-
1133 4458 1245 4518 audisti
1255 4474 1305 4516 me
1320 4458 1412 4516 :doce
1427 4475 1476 4517 me
1487 4459 1718 4532 justificationes
1736 4465 1814 4518 tuas.
1830 4457 1862 4516 P.
1886 4459 1965 4517 Viri·

248 4548 818 4622 nenterconlaudet:etmagnitudinem
829 4550 1080 4609 tuamconlessio-
1132 4549 1190 4606 tica
1209 4563 1266 4604 me.
1281 4547 1313 4611 il.
1327 4548 1434 4616 Gloria,
1449 4551 1507 4607 ete.
1525 4549 1561 4608 P.
1580 4549 1702 4608 Vivitica
1713 4565 1773 4609 me.

247 4637 295 4695 nis
316 4638 495 4710 magnitudo
509 4638 697 4697 concelebret
710 4656 717 4697 :
728 4640 767 4695 ‘re
779 4637 810 4695 in
824 4636 904 4695 tubis
927 4639 1080 4712 preconia
1167 4638 1317 4710 Hymnus.
1333 4640 1472 4697 inventor
1484 4638 1580 4698 rutilis
1595 4641 1655 4698 dux
1665 4639 1749 4698 boni.
1767 4639 1824 4711 sol.
1840 4639 1872 4697 91
1887 4637 1967 4708 sap-

245 4725 374 4798 J'ubilent
385 4725 611 4800 Prophetarum,
623 4732 651 4785 et
660 4726 847 4801 psalmorum
862 4729 979 4786 cantica
987 4728 1078 4788 citha-
1130 4727 1267 4799 plicatio.
1281 4729 1406 4785 oremus
1425 4727 1665 4803 Redemptorem.
1682 4729 1786 4798 Quare
1801 4727 1859 4798 sot.
1879 4729 1926 4784 66.

247 4827 289 4867 ree
303 4811 462 4886 depromat
486 4813 615 4872 dulcedo
631 4830 637 4871 ε
653 4815 691 4873 Te
708 4814 740 4871 in
766 4814 919 4888 tympanis
938 4819 1079 4891 personet
1168 4813 1965 4886 Capitulu-Deusauctorluminis,conditorolarltetis,

247 4899 388 4970 perfectio
400 4901 583 4960 sanctitatis:
598 4905 696 4975 Teque
713 4902 867 4975 virginum
882 4921 956 4963 rasa
990 4921 1078 4964 sacra
1131 4903 1185 4978 qui
1200 4902 1488 4963 submovistiomnia
1497 4921 1591 4981 opera
1607 4905 1801 4964 tenebrarum
1814 4903 1967 4972 :uliano

247 4985 434 5045 circumdent
448 4991 480 5048 in
500 4989 614 5049 thronis
630 5006 637 5046 :
653 4993 689 5048 Te
701 4992 838 5050 omnium
863 4993 956 5052 eorda
971 4994 1077 5052 erebra
1129 4993 1178 5052 bis
1195 4993 1275 5052 lueis.
1288 4999 1346 5053 ture
1361 4995 1516 5070 plenitudo
1530 5000 1686 5071 regnaret:
1698 4995 1823 5068 respice,
1842 5009 1966 5068 quorsu-

248 5073 439 5132 meditatione
450 5076 674 5150 permulceant:
688 5081 755 5138 etin
765 5079 944 5153 specialibus
953 5081 1076 5152 organis
1130 5098 1212 5154 mus,
1225 5083 1383 5157 superbos
1393 5084 1497 5144 lumen
1509 5101 1682 5153 accensum,
1697 5088 1726 5143 et
1739 5085 1818 5142 banc
1833 5082 1965 5156 matiam

247 5163 326 5221 dulci
339 5161 458 5233 iragore
476 5165 667 5240 perstridant.
682 5170 717 5227 itt
735 5174 844 5228 cuncta
860 5174 997 5228 ereatura
1012 5174 1074 5239 tua,
1129 5171 1356 5244 benedictionis,
1366 5177 1385 5231 a
1396 5174 1486 5232 nobis
1496 5174 1638 5232 omnibus
1651 5178 1803 5240 exoratus,
1814 5171 1942 5230 infunde
1957 5189 1965 5231 :

246 5253 278 5312 in
306 5253 455 5328 cymbalis
480 5254 631 5314 labiorum
652 5257 713 5316 fide
738 5259 875 5326 tinniens,
898 5258 966 5331 jugi
990 5262 1076 5316 motu
1130 5263 1245 5320 utsicut
1253 5264 1318 5320 baee
1327 5262 1454 5320 flamme
1464 5263 1504 5320 ad
1513 5263 1616 5322 aliens
1630 5265 1671 5321 tui
1681 5263 1862 5338 obsequium
1874 5278 1966 5320 cons-

247 5343 378 5402 clamitet
393 5360 399 5399 ε
413 5349 502 5418 teque
514 5347 614 5404 omnis
636 5348 757 5420 spiritus
780 5347 882 5405 debita
903 5346 1075 5407 laudatione
1129 5349 1968 5425 tituterincittenebras,ecrepellit:itaillnminatiotuaa

247 5434 409 5502 persultet:
430 5439 459 5493 et
472 5435 504 5492 in
515 5438 543 5493 te
560 5437 659 5494 omnis
672 5440 810 5494 ereatura
823 5435 989 5510 redempta,
1000 5435 1075 5496 bes·
1130 5435 1268 5494 sensibus
1282 5437 1648 5512 nostrissuperetomnem
1659 5441 1797 5500 tomitem
1806 5440 1966 5499 vitiorum.

247 5518 371 5580 titudine
384 5523 517 5596 perlecta
530 5523 683 5597 tripudiet.
1164 5523 1251 5586 Pater
1263 5528 1376 5588 noras.
1386 5525 1519 5592 uberae
1532 5529 1656 5592 amalo.
1669 5531 1728 5608 sot.
1748 5535 1776 5592 2.
