4117 6175
277 238 346 294 teto

926 236 1153 300 enarramus
1173 234 1373 298 cornicum,
1911 238 1973 293 nra
2048 186 2050 210 '

380 359 475 418 veteri
487 358 651 433 aenigmati.

416 450 458 505 lu
468 464 591 508 remora
602 450 660 511 tels
673 451 769 525 lapsa,

378 538 483 594 Sontm
496 539 557 595 iras
568 539 759 599 daemonum:

376 624 452 684 Pelle
464 626 559 693 ulcus,
575 642 644 686 eros
654 627 803 699 morbum,

379 714 469 772 Auier
479 730 568 774 omns
581 717 774 791 scandalum

382 803 449 869 Pax,
464 804 556 873 salus,
566 805 705 880 iidesque
718 807 837 867 torrens

382 892 509 951 omnem
518 896 599 966 tegat
613 896 759 955 animum.

416 982 490 1037 Ecce
504 984 603 1042 cuncti
615 984 786 1058 conglobati

382 1070 523 1128 Resoluta
538 1074 681 1146 temporis

379 1161 475 1226 Auno,
487 1158 605 1218 alleluia
619 1162 701 1221 Aulis
716 1166 774 1220 ture

381 1244 555 1304 liodicatum
566 1247 727 1317 solvimus;

380 1333 422 1390 Sit
432 1338 526 1390 ratum
540 1339 573 1392 ut
583 1337 643 1407 regi
656 1338 771 1395 Christo

377 1423 418 1477 Tu
430 1420 507 1487 iare,
522 1422 597 1480 dum
611 1424 748 1482 vivimus.

410 1507 513 1565 Praebs
525 1510 612 1567 nobis
629 1518 728 1573 mente
741 1513 827 1571 oscis

377 1598 446 1653 lisso
460 1598 591 1655 mundos
602 1615 736 1674 corpore,

374 1686 414 1741 Na
432 1686 579 1747 cedamus
592 1703 679 1747 coeno
693 1691 776 1749 molti

375 1772 473 1830 Saucii
488 1774 610 1835 libidine
615 1795 624 1849 ς

376 1862 440 1928 Quo
453 1878 612 1935 surgamus
627 1866 667 1925 ad
680 1868 816 1936 salutem,

377 1952 418 2007 Tu
431 1950 592 2012 clementer
598 1955 732 2015 subleva.

412 2042 559 2115 Tempora
573 2043 638 2102 iare
651 2046 823 2122 tranquilla,

376 2134 458 2201 Auge
472 2134 556 2203 pacis
569 2132 683 2191 toedera
690 2152 699 2207 ;

376 2218 460 2275 Ensis
475 2218 557 2278 rrrbis
568 2226 678 2279 nostrae
690 2222 768 2280 fines

375 2306 495 2365 llcstilis
509 2322 571 2366 non
583 2308 711 2369 dissecet
724 2330 731 2367 r

374 2394 470 2453 Labos
480 2396 584 2465 ullum,
595 2398 691 2471 plagas
704 2398 808 2469 ullum,

374 2488 412 2542 Te
422 2485 510 2558 duco,
523 2502 583 2545 nou
594 2488 750 2548 trucident.

409 2574 510 2633 Discat
520 2591 622 2645 sexus,
635 2579 734 2636 omnis
745 2582 819 2639 setsc

373 2665 463 2722 Cassa
477 2665 583 2722 mundi
593 2666 727 2741 linquere
741 2684 748 2725 :

372 2755 480 2811 Verum
496 2754 602 2813 Christi
612 2756 719 2815 callam
731 2755 823 2815 clives

372 2842 529 2900 Discsmus
538 2860 682 2903 concurre
695 2864 702 2904 :

373 2932 436 2995 Quo
448 2945 596 3003 queamus
609 2933 675 2989 omli
688 2940 807 3006 portam

371 3017 538 3075 transitum
553 3023 621 3091 post
633 3024 742 3093 petere.

409 3102 516 3161 Ultimo
529 3104 587 3172 dic,
601 3121 671 3163 oum
681 3108 729 3166 illo

370 3191 562 3264 Resurgendo
576 3195 703 3268 fulserit,

369 3283 434 3337 tion
444 3295 563 3339 reorum
578 3289 656 3342 sorio
672 3286 764 3346 vineti

369 3371 571 3444 hancipomur
586 3377 713 3443 urium

368 3457 425 3514 Sed
438 3459 555 3518 urbano
565 3461 638 3520 lucis
653 3463 718 3523 loco

368 3545 550 3621 Deputemur
558 3549 664 3610 libero.

403 3637 517 3714 Duplex
527 3643 597 3697 tunc
608 3639 716 3711 honor,
730 3642 805 3701 dum
814 3643 930 3704 Sanctis

369 3723 465 3796 Digna
474 3743 588 3786 merces
602 3730 753 3800 redditur;

367 3815 431 3870 Non
445 3815 576 3888 indignis
588 3818 669 3878 mala
678 3820 766 3878 nobie

367 3899 512 3975 Obligent,
527 3920 596 3979 quse
610 3907 773 3978 gessimus;

367 3990 425 4049 Sed
433 3994 559 4051 nutandi
571 3997 786 4056 transferamur

365 4081 407 4136 lix
420 4080 480 4138 ilde
492 4081 649 4141 sideribus·

399 4169 463 4234 Quo
474 4170 526 4228 tibi
540 4173 684 4245 precanti,
698 4173 776 4233 elme

362 4256 484 4313 llichael
497 4256 667 4328 fortissime,

361 4344 542 4404 uisrusoiam
554 4347 690 4418 gloriosas

359 4430 424 4488 Sint
437 4431 516 4490 enixi
531 4435 678 4508 carmine;

359 4521 395 4577 lJt
407 4519 557 4580 immenso
570 4524 759 4597 perfruemur

359 4609 421 4667 Rite
430 4609 505 4668 lucis
516 4610 638 4672 lumine.

395 4699 526 4757 Laudem
537 4701 592 4759 soli
601 4703 688 4762 Trina
702 4703 798 4765 tentes

358 4789 478 4846 Numiui
492 4789 664 4864 multidam3

359 4877 608 4952 spiritissimus,
620 4886 649 4940 et
660 4883 737 4954 Agni

361 4968 427 5024 llox
441 4967 542 5042 adepti
554 4969 715 5038 dexteram,

358 5055 557 5126 Gaudeamus,
566 5060 735 5119 exultemus

357 5141 478 5202 Affatim
492 5162 547 5220 per
558 5149 669 5207 soecnla

463 5239 570 5293 Amen.

1111 363 1286 425 Aomnium
1298 366 1328 421 et
1345 360 1483 421 conditor
1501 360 1725 431 sumoumrnm,
1739 359 1794 437 qui
1814 358 1975 421 mensum

1148 456 1234 512 tuum
1245 452 1384 527 prolerre
1396 450 1540 524 dignatus
1550 466 1584 511 es
1599 450 1775 524 agminibus
1792 452 1973 517 mundorum,
2048 483 2049 488 κ

1149 557 1280 615 qnorum
1296 540 1440 599 exhibitio
1449 544 1501 599 tuo
1515 540 1700 615 obsequium
1709 540 1761 599 dat
1775 540 1915 613 imperio,
1927 556 1972 598 nec

1148 617 1972 704 tuiumqumtaugsnturotuciorumnomm03somtsr

1149 718 1304 792 mysterio,
1318 722 1348 777 et
1361 718 1455 775 virtus
1478 716 1568 791 pollet
1585 734 1624 775 cx
1644 718 1768 787 merito;
1784 720 1819 776 ut
1831 732 1904 775 cum
1922 718 1971 774 sint

1150 822 1269 882 semper
1282 806 1416 881 spiritus,
1435 806 1512 865 dum
1518 809 1682 865 menate
1689 806 1861 874 mittuntur,
1877 808 1969 863 etacrc

1149 895 1300 970 wrpursti
1312 894 1417 968 Augeli
1430 898 1655 973 nuncupentur,
1673 898 1706 952 ut
1719 894 1846 953 omniun
1864 893 1969 951 risibus

1149 983 1302 1042 visibiliter
1315 989 1459 1057 pareant;
1472 999 1602 1058 quorum
1615 984 1775 1057 incorpora
1786 986 1892 1041 manet
1902 982 1968 1039 sub·
2048 1005 2049 1012 ¹

1151 1074 1271 1141 ababa,
1280 1076 1386 1132 etcum
1397 1072 1529 1131 localiter
1538 1071 1820 1138 obcunscribantur,
1831 1070 1969 1129 indetesm
2048 1087 2049 1100 ¹

1149 1164 1252 1219 umen
1261 1158 1970 1234 createrisconspcctuiruentur3concedenobis,

1149 1263 1334 1321 quesumus,
1363 1247 1488 1307 obtentu
1499 1248 1592 1320 hujus
1604 1247 1784 1321 Archangeli
1800 1251 1831 1305 et
1842 1247 1971 1305 omnium

1149 1337 1331 1410 Angelorum
1340 1337 1481 1411 consequi
1491 1338 1613 1395 veniam
1622 1336 1816 1395 delictorum:
1830 1340 1874 1402 ut,
1882 1336 1933 1410 qui
1943 1338 1972 1393 in

1148 1440 1254 1483 eorum
1265 1425 1379 1485 honore
1388 1425 1483 1501 [cccii]
1494 1425 1546 1483 tibi
1559 1424 1619 1482 lieo
1628 1429 1733 1483 nostro
1743 1423 1862 1482 laudem
1870 1423 1971 1498 depro

1148 1514 1268 1582 mimus,
1275 1519 1394 1571 aeternae
1401 1512 1974 1587 beatitudinisetiamconsequamurve·

1147 1603 1230 1661 niem
1242 1604 1469 1677 sempiternam.

1109 1672 1132 1732 Β
1180 1692 1392 1752 paternoster.
1405 1691 1533 1751 Liberali
1545 1707 1565 1750 a
1577 1690 1737 1761 malasci.
1753 1695 1780 1747 2.

1179 1780 1362 1839 Bmedictic.
1383 1780 1514 1841 Christus
1524 1781 1577 1838 Dei
1592 1779 1682 1839 Silius
1701 1778 1782 1838 unici
1799 1778 1893 1837 meris
1913 1780 1975 1837 uui·

1146 1884 1216 1927 oum
1226 1869 1365 1937 Verbum,
1376 1870 1425 1927 cui
1434 1869 1568 1927 serviunt
1577 1868 1689 1927 militias
1702 1866 1898 1940 Angelorum,
1911 1868 1975 1940 glo·

1145 1956 1218 2017 risri
1227 1957 1379 2017 vosiaciat
1388 1958 1427 2016 ds
1435 1958 1621 2032 perfectione
1633 1970 1761 2031 operum
1771 1956 1973 2026 honorumue,

1146 2050 1253 2106 Amen.
1268 2050 1311 2114 st,
1325 2047 1379 2120 qui
1393 2046 1565 2106 liobaelem
1575 2044 1798 2117 mohangslum
1812 2044 1972 2103 sublimem

1148 2135 1217 2193 iecit
1225 2135 1351 2204 horrore,
1365 2151 1421 2194 ros
1434 2152 1490 2195 suo
1505 2135 1595 2195 lecim
1605 2134 1735 2207 urgrsrs
1748 2150 1787 2193 ex
1800 2149 1923 2195 amoro:
1940 2146 1971 2197 a.

1148 2224 1253 2283 Amen.
1269 2226 1312 2293 lit,
1326 2224 1380 2299 qui
1393 2224 1478 2283 illum
1491 2224 1573 2283 tideii
1584 2223 1697 2299 populo
1711 2223 1828 2281 censuit
1840 2222 1974 2281 defenso

1148 2326 1224 2379 ram,
1235 2318 1402 2373 vestrarum
1415 2329 1538 2387 precum
1550 2312 1636 2371 iilum
1645 2327 1765 2387 semper
1775 2311 1868 2371 iaciat
1875 2326 1973 2385 prom·
2049 2311 2050 2324 ¹

1149 2401 1286 2474 pliorem.
1298 2413 1332 2473 g.
1343 2402 1449 2460 Amen.

1185 2492 1238 2549 Per
1247 2491 1477 2550 misericordiam
1488 2490 1595 2565 ipsius.

1184 2578 1500 2639 laudatiominusde
1509 2579 1585 2637 coelc
1593 2576 1709 2653 paravit
1718 2577 1824 2637 mdern
1832 2592 1918 2635 suam
1930 2577 1974 2634 Al·
2049 2643 2050 2648 ἵ

1148 2667 1259 2727 teluia:
1283 2668 1316 2725 P.
1331 2670 1365 2725 St
1381 2683 1511 2741 rognum
1524 2668 1590 2741 ejus
1608 2668 1746 2727 omnium
1760 2666 1973 2735 dominabitur,

1149 2755 1972 2830 Alleluia.P.Benedicitel)ominumomnesAngeiicjus.

1147 2844 1971 2921 Alleluiaaitetuiaaltcluiedl.BenediciteAngelillomini

1146 2936 1289 2994 Domino:
1304 2934 1479 3003 benedicite,
1494 2934 1562 2993 curli
1575 2934 1712 2993 Domino.
1729 2937 1764 2993 Et
1778 2948 1919 3007 regnum
1938 2935 1969 2993 Ρ.

1109 3025 1130 3082 t}
1146 3023 1253 3093 Gloria,
1263 3028 1293 3083 et
1303 3024 1401 3083 honor
1414 3023 1504 3082 Patri.
1520 3023 1552 3080 P.
1565 3023 1728 3083 benedicite
1741 3023 1912 3081 homiuum.

1181 3115 1292 3174 Oratio.
1304 3115 1342 3174 Ol
1351 3114 1615 3188 llicheelprinoeps
1622 3114 1768 3172 exercitus
1777 3112 1970 3184 Angelorum,

1143 3204 1221 3269 reni,
1232 3219 1417 3278 quesumus,
1426 3203 1464 3261 ad
1474 3201 1648 3261 liberendas
1656 3199 1975 3276 animasiidstiumpo

1141 3290 1283 3367 pulcrum
1295 3309 1302 3348 ε
1312 3296 1344 3350 ut
1352 3297 1381 3349 ot
1387 3291 1533 3364 justitiam
1543 3289 1845 3350 obunondoinhonis
1851 3304 1974 3364 semper

1140 3381 1330 3454 fructificent,
1341 3385 1370 3439 et
1383 3381 1484 3454 injusti
1497 3379 1538 3438 ad
1546 3380 1752 3454 paenitentiam
1762 3379 1905 3436 conversi
1921 3394 1972 3436 ve·

1139 3471 1222 3528 niam
1236 3486 1299 3529 uon
1310 3470 1470 3544 desperent
1483 3470 1628 3544 accipere.
1646 3469 1754 3542 sicque
1768 3482 1827 3525 nos
1839 3467 1971 3526 inuicem

1138 3556 1971 3632 provocemusinmelius‚utpreemiumoonsoquimcrea·

1137 3652 1415 3721 muratarum.
1427 3655 1532 3706 Amen.

1173 3736 1238 3794 Por.

1172 3825 1207 3882 ln
1218 3823 1354 3883 nomine.

1435 3914 1484 3972 Ad
1494 3913 1680 3974 umorum.

1169 3999 1967 4074 Actiptoou.i)suobisletitiamsalutarisd’sctmcss.

1140 4091 1256 4150 Oratio.
1264 4092 1468 4161 Reddenobis,
1478 4090 1615 4160 Domine,
1629 4090 1774 4150 latidum.
1781 4090 1861 4162 totio
1870 4104 1967 4146 cum.

1168 4177 1967 4252 Antiphoooi.VidiAngelumvolantempcrmedium

1133 4268 1244 4326 caelum
1257 4268 1421 4329 habentem
1435 4269 1630 4343 Evangeiium
1645 4273 1802 4336 murnum,
1819 4273 1849 4326 et
1860 4265 1965 4324 diccu-

1095 4373 1118 4429 1)
1134 4360 1211 4415 tem:
1227 4360 1258 4415 P.
1271 4356 1384 4417 Timete
1401 4359 1565 4416 bominum
1578 4359 1675 4415 Deum
1688 4360 1838 4424 nostrum,
1853 4360 1885 4413 et
1897 4355 1967 4412 date

1132 4447 1174 4505 ilii
1185 4447 1321 4520 gloriam,
1333 4451 1362 4506 et
1372 4447 1529 4516 honorem,
1545 4448 1580 4511 i.
1593 4448 1649 4516 oui
1659 4446 1744 4507 statis
1755 4446 1896 4504 indomo
1911 4445 1966 4501 Do·

1132 4538 1216 4609 mini,
1233 4537 1266 4595 in
1279 4537 1362 4597 striis
1375 4538 1486 4598 domus
1503 4538 1556 4597 Dei
1569 4536 1675 4596 nostri.
1690 4539 1720 4594 Ρ.
1740 4535 1852 4593 limate
1864 4533 1967 4592 Domi

1129 4641 1215 4692 num.
1225 4626 1257 4688 t.
1270 4626 1378 4694 Gloria,
1391 4627 1533 4687 othonor.
1544 4626 1577 4686 Ρ.
1591 4628 1702 4686 Timete
1716 4625 1893 4687 nominum.

1131 4715 1246 4773 Oratio.
1274 4716 1322 4774 ut
1341 4716 1462 4775 llichael
1480 4717 1632 4791 princeps.
1655 4715 1756 4783 θωνα
1771 4715 1805 4772 io
1829 4712 1963 4786 Vesperir

1128 4805 1372 4875 praesumtum.

1166 4892 1336 4965 Antiphone
1360 4895 1388 4951 2.
1404 4895 1465 4968 ligo
1478 4894 1565 4951 iesus
1581 4893 1666 4952 mitto
1680 4891 1830 4965 Angelum
1843 4905 1962 4955 meum,

1130 4980 1281 5038 testificari
1292 4980 1478 5039 hominibus.
1491 4983 1520 5039 Ρ.
1536 4981 1707 5040 Bcoevenio
1718 4981 1788 5048 cito,
1802 4985 1832 5039 et
1843 4995 1964 5037 meroes

1129 5083 1199 5128 mea
1211 5085 1332 5128 mecum
1346 5075 1401 5140 est,
1417 5085 1523 5129 sanare
1535 5069 1699 5142 languores
1713 5071 1821 5145 popuii
1840 5069 1916 5128 mei.
1930 5069 1964 5130 t.

1129 5157 1234 5216 Audite
1248 5157 1324 5228 hmo,
1344 5175 1450 5217 omnes
1466 5162 1586 5232 gentes:
1603 5158 1728 5218 auribus
1738 5157 1897 5234 percipite,
1911 5156 1966 5232 qui

1128 5245 1270 5305 habitatis
1284 5246 1400 5307 orbem.
1414 5249 1448 5306 P.
1459 5249 1533 5306 hooc
1552 5251 1640 5308 venio
1660 5249 1729 5308 cito.
1747 5246 1780 5311 i.
1800 5247 1917 5316 Gloria,
1935 5251 1967 5302 et

283 5321 479 5394 supplicatio.
490 5325 615 5384 oremus
624 5327 851 5400 Redemptorem
858 5338 972 5392 mutato
982 5334 1077 5393 nomi
1128 5333 1235 5395 honor.
1249 5339 1278 5394 Ρ.
1289 5337 1363 5394 ltoce
1376 5337 1464 5395 renio
1477 5337 1546 5396 cito.

249 5411 515 5482 sedatorum.
1163 5423 1274 5484 Oratio.
1295 5426 1371 5485 litte
1394 5425 1492 5497 nobis,
1513 5429 1591 5485 licus
1611 5426 1753 5496 clemens,
1776 5424 1960 5484 tlicbaelem

286 5497 655 5570 copr'tutcdlominetteur
668 5507 1075 5582 Petercmnipotenscreetor
1128 5513 1954 5592 omousmumprmupam,utnososrrmumimioo
