4117 6175
141 258 198 319 m
876 259 912 316 iii
931 258 1153 320 senescetis.
1795 264 1848 321 606

139 383 622 461 quiqnctreditusnonegrederis,
633 384 826 443 sciliceidum
833 386 969 444 occuitus
988 387 1012 443 b
1026 388 1106 445 tores
1120 388 1205 461 cujus
1218 385 1364 461 redempti
1374 398 1479 445 snmus
1491 386 1787 447 cruore.P.Domine.
1802 386 1850 446 Di·

141 472 411 539 interioribustuis,
422 474 517 531 Deum
524 480 553 530 ie
561 472 736 532 hominibus
744 476 903 533 monstrari
910 492 973 535 non
1027 490 1144 534 cemus.
1161 478 1334 548 capitutum
1348 480 1476 547 operiat,
1492 481 1546 534 ete.

144 562 271 637 pateris,
286 576 359 619 sera
370 561 540 632 cognitione
550 578 606 621 nos
621 566 764 621 satiatum
780 564 948 621 Divinitaiis
964 582 971 621 :
1065 566 1178 623 Oratio.
1191 568 1261 623 iesu
1280 566 1394 624 christe
1408 564 1497 621 iliius
1509 564 1560 621 Dei
1571 565 1641 633 vivi,
1655 566 1706 639 qui
1719 566 1850 627 cecidisti

143 652 272 709 utinen
289 654 318 708 te
336 655 405 725 post
429 652 590 709 transitum
613 652 764 725 potiamur
782 652 972 711 substantia:
1026 653 1059 711 in
1066 669 1175 711 manus
1184 654 1343 725 inimici,et
1351 653 1486 712 animam
1493 658 1577 709 tunm
1588 652 1727 711 dilectam
1736 670 1790 728 pro
1797 670 1851 712 no-

147 742 207 807 oui
219 756 288 798 eum
299 742 359 797 Deo
369 740 465 807 Patre,
476 745 506 798 et
520 742 627 814 Spiritu
640 744 750 800 Sancto
763 757 842 798 unus
857 757 974 816 perma-
1027 741 1075 799 bis
1090 743 1181 799 servis
1197 743 1255 800 inis
1277 740 1315 800 ad
1339 747 1467 800 moriem
1483 741 1629 799 tradidisti
1642 758 1649 808 ;
1664 747 1767 814 postea
1782 758 1851 801 cum

146 845 207 885 nes
217 829 249 885 in
261 828 409 886 Diuinate
423 833 452 886 et
465 829 498 885 in
512 828 607 900 gloria
620 830 812 905 sempiterna.
1027 830 1122 902 gloria
1132 832 1184 889 Dei
1190 832 1282 890 Patris
1290 836 1486 889 monumento
1494 830 1656 897 surrexisti,
1666 828 1851 889 aimundum

187 916 370 989 deminuo.
379 916 975 993 Sedebitsinguieris,etiacebiizquonlam
1026 920 1179 979 redemisti
1193 926 1501 993 :rogamussanctam
1512 920 1701 977 clementiam
1711 924 1807 985 tuam,
1820 921 1853 977 ut

145 1006 385 1078 sustulitjrrgum
397 1020 489 1076 grase
498 1022 589 1080 super
599 1023 644 1065 se.
661 1007 745 1064 Dedit
757 1007 974 1081 percutientise
1027 1009 1127 1067 veniat
1139 1025 1228 1084 super
1238 1025 1293 1067 nos
1302 1010 1398 1082 maiia
1408 1014 1471 1080 tus,
1481 1012 1510 1066 et
1523 1010 1555 1065 in
1568 1008 1650 1065 mem
1664 1006 1854 1065 resurrectio·

146 1094 315 1166 maxillam,
324 1095 975 1170 satiabituropprobriie.Ponetinpuirereos
1027 1098 1075 1155 nis
1095 1102 1153 1155 iuoe
1167 1101 1231 1155 sine
1250 1099 1369 1156 macula
1384 1102 1461 1155 stare
1476 1097 1616 1155 concedo.
1628 1106 1660 1169 p.
1673 1099 1779 1153 Amen.

144 1200 248 1255 sunm,
262 1188 504 1258 tamquamspee
515 1186 653 1259 patienti.
672 1187 704 1250 it.
718 1188 889 1245 AEsiimatus
906 1202 975 1245 sum
1064 1188 1247 1259 Antiphone.
1259 1191 1366 1245 Versus
1379 1203 1447 1245 sum
1465 1186 1496 1243 in
1511 1201 1616 1243 eorum
1630 1186 1775 1242 canticum
1788 1200 1796 1241 r
1811 1184 1855 1242 ia·

143 1290 218 1331 oum
228 1274 482 1331 descendentibus
494 1276 525 1331 in
539 1274 658 1333 lacum:
674 1275 772 1334 iactus
792 1290 870 1350 sum,
900 1276 975 1334 sicui
1028 1279 1095 1334 cius
1114 1291 1182 1333 sum
1196 1277 1228 1333 in
1242 1276 1284 1333 eis
1293 1276 1485 1348 proverbium
1500 1292 1507 1332 :
1524 1274 1741 1332 abominantur
1752 1288 1811 1339 me,
1825 1276 1854 1330 et

142 1364 241 1421 homo
256 1363 322 1420 sine
338 1362 389 1434 adj
394 1362 499 1431 utorio,
514 1364 590 1421 inter
602 1371 737 1423 mortuos
748 1365 834 1423 iiber.
1028 1364 1267 1435 iongeiugiunta
1277 1380 1334 1422 me.
1349 1364 1381 1427 i.
1395 1362 1747 1421 inclinaDomineaurem
1757 1366 1849 1428 tuam,

184 1454 299 1510 Preces.
317 1454 516 1525 Deprecemur
528 1453 701 1524 Dominam,
716 1460 750 1511 ut
764 1454 867 1526 saprd.
1029 1457 1058 1510 et
1069 1454 1179 1510 exaudi
1192 1469 1241 1511 me
1257 1471 1264 1509 ε
1279 1453 1353 1527 qnia
1365 1466 1457 1523 egens
1469 1456 1499 1509 ei
1512 1466 1628 1525 pauper
1638 1467 1706 1507 sum
1720 1465 1785 1521 ego.

180 1542 296 1599 Preces
309 1541 451 1598 Dicamus
466 1557 573 1599 omnes
589 1558 597 1598 ε
610 1544 645 1599 Ρ.
660 1544 795 1611 Domine,
810 1544 930 1615 exaudi,
948 1548 977 1601 et
1065 1543 1176 1600 Preces.
1193 1543 1393 1617 Deprecemur
1406 1542 1578 1608 Dominum,
1594 1545 1629 1597 ut
1642 1538 1746 1608 suprd.

24 1647 30 1688 i
142 1631 297 1688 miserere.
307 1629 340 1692 rt.
353 1631 811 1705 creveruntiniquiiatesnosirre
821 1648 921 1690 coram
936 1637 973 1705 ie,
1064 1631 1178 1691 Preces.
1192 1632 1331 1689 Dicemus
1347 1645 1453 1689 omnes
1469 1648 1476 1686 ε
1492 1632 1523 1686 P.
1540 1628 1674 1695 Domine,
1689 1626 1810 1695 exandi,
1826 1631 1855 1686 et

25 1721 29 1730 '
146 1726 178 1777 et
192 1724 318 1792 peccata
331 1723 435 1776 nostra
447 1720 772 1793 responderuntnobis.
786 1720 823 1778 Ρ.
840 1722 973 1780 Domine.
988 1740 1012 1797 g
1029 1720 1224 1783 misererer.
1239 1720 1373 1777 Concede
1388 1719 1522 1776 iicoiesioe
1537 1724 1595 1775 tuoe
1611 1732 1719 1791 paoem
1738 1720 1767 1774 et
1780 1720 1854 1774 tem·

24 1835 27 1848 ·
144 1808 179 1870 i.
192 1806 303 1864 Deiecit
321 1822 384 1881 praa
401 1808 599 1866 amaritudine
612 1808 674 1866 vita
692 1814 798 1867 nostra
813 1828 821 1864 ε
837 1824 977 1867 consum·
1029 1822 1138 1882 porum
1151 1807 1404 1883 tranquillitatem.
1422 1808 1452 1864 P.
1470 1808 1603 1876 Domino,
1616 1806 1647 1868 i'.
1662 1804 1756 1877 liujus
1771 1805 1854 1863 urbis

146 1900 237 1969 ptum
257 1898 303 1953 est
326 1896 358 1951 in
383 1895 486 1953 dolore
513 1912 566 1954 cor
596 1902 742 1955 nostrum.
777 1899 810 1955 P.
838 1899 974 1956 Domine.
1029 1897 1198 1955 subsidium
1209 1897 1320 1971 praebe,
1333 1902 1362 1954 et
1375 1896 1463 1953 nobis
1482 1895 1653 1969 propitiare.
1669 1896 1705 1951 P.
1716 1894 1853 1963 Domine,

148 1984 184 2046 i.
199 1983 385 2058 Conpernisti
396 1984 478 2041 nube
491 1986 693 2060 temetipsum,
705 1993 740 2044 ut
764 2002 827 2046 non
841 1987 934 2045 adiret
949 1991 977 2045 ie
1029 1987 1061 2050 it.
1077 1986 1166 2045 Aufer
1183 1987 1292 2060 jugum
1315 1984 1504 2060 captivitatis,
1519 1983 1620 2042 labem
1638 1983 1730 2057 pestis
1744 1985 1773 2039 et
1788 1998 1854 2054 ege-

147 2072 248 2131 oratio
261 2078 373 2131 nostra.
388 2074 424 2131 P.
435 2073 568 2133 Domine.
579 2076 844 2135 Dicamusomnes.
856 2077 977 2149 Capita·
1030 2078 1126 2135 stetis.
1142 2078 1177 2133 P.
1196 2074 1334 2133 Domine.
1348 2075 1611 2132 Dicamusomnes.
1627 2072 1800 2144 Capitulum
1811 2086 1856 2129 re·

149 2164 214 2221 limi
227 2168 354 2233 repeiili,
369 2166 424 2223 iiie.
1029 2168 1122 2237 petat,

184 2252 977 2329 Oratio.iesu,Deusnosier,quimaxiilamprnbuisti
1068 2248 1856 2326 OratioChrisieDens‚quiiiumdumreuiensiibera-

145 2340 377 2415 percussoribus
387 2342 457 2408 inis,
466 2346 620 2401 saturatus
631 2359 686 2418 pro
695 2344 784 2402 nobis
793 2344 858 2419 ipse
868 2360 978 2420 oppro-
1033 2348 1126 2415 turns,
1134 2343 1166 2401 in
1176 2342 1326 2401 canticum
1335 2358 1368 2399 es
1377 2340 1545 2399 infidelium
1553 2354 1665 2406 versus,
1677 2338 1751 2394 dum
1759 2342 1786 2393 te
1794 2351 1856 2393 non

146 2429 222 2489 briis
234 2446 243 2497 ;
258 2431 390 2488 concede
403 2432 492 2488 nobie
503 2433 622 2489 miseris
635 2435 728 2491 sorvis
738 2435 807 2498 tuis,
819 2439 852 2491 ut
862 2435 977 2508 passio·
1031 2436 1230 2504 agnoscerent
1240 2432 1382 2497 Deum‚et
1389 2431 1457 2487 ideo
1467 2428 1713 2503 quasihominem
1724 2426 1856 2484 lacesen-

146 2518 776 2593 nisiussorempioinsiruciijugumsuase
786 2526 872 2580 tuum
880 2527 977 2597 porte·
1030 2522 1106 2579 dum
1122 2521 1263 2579 conviciis
1280 2524 1425 2593 appetunt
1438 2538 1445 2589 ;
1457 2520 1536 2589 erige
1554 2532 1610 2575 nos
1624 2516 1776 2591 passionis
1796 2520 1855 2572 ium

147 2623 221 2665 mus
233 2622 353 2681 semper
363 2608 464 2665 idonei
474 2627 481 2662 :
490 2626 583 2683 quoa
598 2615 625 2667 ie
635 2610 784 2668 discentes
791 2627 885 2685 quam
894 2611 977 2668 mitis
1030 2609 1178 2683 exemplo,
1195 2614 1224 2667 ei
1233 2610 1329 2666 crucis
1337 2606 1527 2665 circumvalla
1539 2605 1668 2679 presidio
1680 2622 1689 2676 ;
1705 2608 1737 2660 nt
1750 2606 1779 2659 et
1790 2602 1855 2660 inii·

147 2696 191 2753 sis
206 2700 235 2754 et
249 2696 372 2754 humilis
385 2698 474 2754 corde
486 2716 493 2769 ;
507 2703 536 2756 ei
547 2699 696 2771 passionis
703 2705 763 2757 tuas
775 2700 976 2757 communice-
1029 2698 1136 2755 delites
1155 2714 1208 2770 per
1233 2701 1261 2753 te
1285 2696 1412 2752 coniusu
1434 2695 1592 2767 dispereat,
1609 2696 1637 2748 et
1649 2706 1770 2747 rursum
1783 2688 1855 2745 ilde-

149 2785 976 2863 muscxemplo,etbeatiiudiniseeternnapotiamursub-
1030 2788 1097 2845 litas
1109 2802 1128 2843 a
1142 2790 1170 2843 to
1189 2784 1363 2843 coronanda
1376 2782 1542 2856 perveniat.
1563 2790 1594 2853 ip.
1609 2784 1715 2836 Amen.

148 2873 239 2931 sidio.
254 2886 288 2946 p.
304 2879 409 2933 Amen.
1066 2870 1408 2945 Aniiptoua.Persecuti
1418 2874 1488 2927 suut
1496 2867 1650 2927 hominem
1658 2880 1818 2940 pauperem
1826 2866 1855 2923 et

187 2962 371 3033 Antiphone.
386 2964 522 3021 Traditus
541 2980 609 3022 sum
624 2980 720 3039 usque
735 2965 767 3023 in
780 2980 879 3024 mane.
895 2966 978 3023 Dcuii
1031 2955 1650 3033 mendicum,etcompunciumcordemorti
1659 2954 1854 3013 tradiderunt.

148 3050 214 3109 mei
224 3050 405 3119 deiecerunt,
416 3052 490 3110 dum
500 3052 613 3128 aspicio
625 3052 854 3112 innititudinem
865 3053 978 3114 coelisd
997 3053 1064 3136 cit.
1077 3050 1299 3121 Deue,iaudem
1313 3063 1413 3106 meam
1436 3062 1474 3106 ue
1487 3046 1614 3105 tacueris
1629 3060 1636 3102 :
1652 3043 1797 3120 quoniam
1823 3056 1858 3099 os

149 3140 327 3208 Dominum,
340 3141 394 3215 qui
403 3142 544 3202 misertus
554 3146 599 3200 esi
610 3143 680 3200 mei.
694 3143 726 3205 ri.
738 3144 889 3218 Numquid
901 3159 981 3202 mor·
1034 3141 1200 3216 peccatoris
1215 3146 1244 3197 et
1254 3155 1289 3197 os
1302 3137 1397 3195 dolosi
1409 3151 1500 3210 super
1515 3151 1563 3193 me
1577 3139 1714 3208 apertum
1734 3137 1787 3189 esi.

149 3229 316 3287 tuisiacies
331 3231 503 3290 mirabilia:
522 3237 573 3289 aut
585 3232 694 3290 medici
708 3233 942 3300 exsuscitabunt,
953 3237 982 3292 et
1070 3231 1185 3289 Preces.
1202 3231 1400 3303 Deprecemur
1411 3227 1582 3289 Dominum,
1598 3228 1631 3280 ut
1641 3221 1749 3293 cupre.

148 3315 377 3378 confitebuntur
392 3319 469 3376 tibii
1070 3322 1189 3378 Preces.
1205 3319 1343 3376 Dicamus
1358 3329 1484 3374 omnes:
1501 3314 1534 3368 P.
1548 3311 1683 3376 Domine,
1698 3306 1817 3375 exaudi,
1833 3309 1862 3363 et

190 3407 306 3464 Preces.
326 3407 524 3481 Depreoemur
544 3408 714 3466 Dominum.
1036 3409 1187 3466 miserere.
1203 3406 1234 3468 i.
1250 3404 1347 3476 AEgris
1369 3403 1465 3460 tribue
1488 3400 1680 3464 medicinam,
1702 3393 1859 3468 egentibus

186 3495 302 3554 Preces.
317 3497 457 3554 Dicamus
471 3512 579 3554 omnes
597 3513 604 3553 r
621 3498 655 3555 P.
673 3498 809 3565 Domine,
820 3499 942 3570 exaudi,
953 3503 982 3558 ei
1036 3497 1117 3554 dona
1128 3491 1338 3552 substantiam.
1348 3491 1380 3546 P.
1393 3489 1526 3554 Domine,
1538 3487 1569 3549 i.
1580 3487 1664 3558 Eripe
1674 3489 1860 3554 cunctosop-

147 3583 306 3643 miserere.
321 3585 355 3647 i.
368 3587 434 3642 iam
446 3585 575 3656 gemitus
588 3587 707 3660 suscipe
719 3588 939 3660 poenitentium,
953 3591 982 3645 et
1034 3601 1164 3660 pressos,
1184 3588 1213 3640 ei
1224 3579 1410 3654 compeditos
1421 3576 1553 3634 absolve.
1566 3576 1601 3632 P.
1617 3574 1751 3630 Domine.
1762 3571 1794 3634 ii.
1809 3574 1858 3629 Pe·

148 3677 293 3732 conserte
307 3674 409 3745 gratior
420 3679 479 3731 ture
496 3673 622 3732 vultum.
636 3675 668 3731 P.
681 3676 816 3733 Domine.
825 3676 859 3746 it.
871 3676 980 3734 Adesto
1035 3670 1256 3747 regrinantibus
1270 3679 1457 3742 prosperare,
1482 3663 1586 3738 patrias
1604 3660 1696 3720 redde
1713 3659 1857 3732 captivos.

148 3762 272 3821 miseris
283 3761 461 3836 deprecatus
475 3779 482 3820 :
498 3764 604 3821 adesto
616 3779 737 3838 semper
749 3769 861 3832 oratus,
875 3767 914 3823 P.
925 3765 982 3822 Do-
1036 3765 1071 3821 P.
1088 3761 1223 3830 Domine,
1234 3758 1268 3820 it.
1294 3758 1380 3814 Dona
1392 3755 1513 3812 veniam
1532 3752 1718 3816 deliciorum,
1741 3751 1770 3805 et
1793 3747 1859 3804 dele

148 3851 982 3927 minet.iiepertinaciadcliuquentium801misera·
1036 3849 1303 3926 culpassoeierum.
1314 3847 1348 3902 P.
1363 3844 1499 3910 Domine,
1513 3840 1633 3899 exaudi.
1648 3839 1860 3896 Dicamusom·

147 3940 267 3998 honam
280 3945 340 3998 iuss
357 3941 476 4014 piatatis
489 3946 613 4000 erasmi.
629 3945 668 4001 P.
685 3943 821 4000 Domine.
841 3943 981 4000 Dicamus
1035 3955 1090 3998 nes
1106 3959 1113 4000 :
1129 3937 1301 4008 capucium
1314 3937 1441 4005 repetat,
1454 3937 1507 3990 cte.

149 4043 284 4088 omnes:
301 4031 477 4101 Capitulum
496 4037 622 4102 repetat,
640 4037 694 4089 ete.
1072 4029 1185 4086 Oratio
1197 4023 1344 4098 iiuliiplex
1358 4037 1425 4088 nos,
1441 4019 1575 4085 Domine,
1592 4017 1680 4076 turba
1694 4014 1861 4074 circumdat

194 4117 306 4176 Oratio
316 4120 441 4178 Domine
452 4119 654 4188 iesucmisie,
666 4119 719 4193 qui
729 4119 983 4193 pronubistrsdi-
1036 4114 1200 4192 iniquitatis
1216 4133 1222 4174 :
1239 4117 1268 4170 ei
1289 4111 1368 4176 ideo,
1384 4109 1443 4167 nisi
1456 4113 1487 4166 iu
1501 4106 1682 4179 Redemptor
1700 4101 1860 4202 adiuveris,

155 4209 212 4263 tus
221 4218 254 4261 es
266 4207 304 4264 ed
313 4213 452 4277 mortem,
461 4213 490 4266 et
499 4209 579 4266 cruci
590 4223 756 4282 appensus,
767 4223 803 4265 sc
813 4207 923 4282 poculo
931 4207 983 4265 iel·
1037 4205 1229 4283 paulominus
1238 4201 1340 4259 anima
1350 4203 1452 4257 nostra
1461 4197 1493 4254 in
1501 4195 1601 4254 lacum
1613 4195 1860 4290 proruatmortrs.

150 4294 276 4352 liscum
289 4302 373 4354 aceto
392 4300 512 4369 potatus
524 4315 532 4363 ;
542 4297 672 4370 gemitus
688 4311 844 4354 serrorum
860 4302 982 4354 tuorum
1039 4295 1142 4354 Libera
1151 4306 1223 4364 ergo
1233 4305 1289 4348 nos
1300 4293 1329 4346 et
1337 4289 1374 4346 de
1384 4285 1539 4361 operibus,
1549 4298 1618 4358 qnae
1628 4282 1792 4339 interorum
1801 4281 1864 4380 rort-

150 4382 284 4455 suscipe,
296 4389 325 4441 et
333 4384 460 4440 miseriis
471 4399 577 4442 eorum
587 4384 728 4442 auritium
736 4389 821 4442 tuum
831 4385 943 4458 praebe,
954 4389 984 4442 ei
997 4412 1021 4468 D
1038 4382 1221 4458 iantpoenis,
1231 4379 1305 4436 etde
1314 4375 1670 4454 poenaiibusiariarorum
1679 4368 1836 4443 suppliciis
1855 4383 1862 4424 ι

150 4475 391 4531 mecanicum
404 4487 516 4530 nomen
530 4488 622 4547 super
642 4489 700 4531 noe
723 4480 846 4532 vocetur
857 4489 982 4548 semper.
1038 4475 1104 4543 Qui,
1119 4471 1243 4530 dedetis
1253 4467 1472 4538 confractisque
1482 4461 1678 4520 infernalibus
1688 4458 1792 4532 portis,
1802 4471 1864 4513 ere·

150 4571 189 4632 n.
205 4563 310 4618 Amen.
1037 4549 1863 4639 ptampraeusndeportasuincoeiesribnsregnis;agro-

190 4650 379 4722 Antiphone.
388 4653 463 4708 cum
470 4649 576 4707 sedero
585 4649 764 4717 intenebris,
778 4648 922 4707 Dominus
930 4650 981 4708 lus
1038 4651 1074 4708 tis
1086 4647 1242 4707 medicinae
1251 4661 1329 4718 opus
1340 4642 1480 4710 iniunde;
1492 4639 1659 4697 errantibus
1667 4637 1749 4693 siam
1757 4632 1861 4690 salutis

151 4741 279 4796 messer
295 4739 391 4796 :iram
405 4739 525 4796 Domini
537 4739 682 4807 tolerabo,
696 4739 759 4796 noll
773 4739 916 4811 gaudere,
929 4739 984 4795 ini·
1038 4738 1180 4804 ostende;
1196 4733 1362 4810 peregrinis
1376 4728 1542 4803 eicaptivis
1558 4726 1686 4801 patriam
1705 4720 1815 4786 redde;
1832 4723 1860 4776 et

152 4827 236 4883 mica
250 4841 344 4895 mors,
357 4828 430 4900 quia
440 4827 534 4885 cecidi
548 4841 733 4898 tresurgam.
746 4827 779 4889 rt.
793 4827 879 4901 iiripe
888 4827 984 4885 mede
1037 4824 1290 4902 peccatisnostris
1306 4821 1424 4878 veniam
1437 4820 1528 4876 dona.
1544 4826 1577 4888 ip.
1593 4817 1698 4870 Amen.

152 4914 983 4988 inimicismeistusmeus:atabinsurgeniibusinme
1072 4915 1162 4973 sono.
1174 4911 1246 4980 Diris
1254 4907 1514 4970 ascenditcruosm
1526 4917 1581 4978 pro
1591 4897 1783 4973 impiisiiui
1791 4895 1860 4972 quis

150 5003 252 5062 libera
264 5019 324 5063 me.
1038 5001 1258 5075 innitumcepit
1270 4994 1497 5072 captivitatem?
1508 4994 1545 5050 P.
1563 4994 1709 5048 innocens
1718 4985 1861 5045 manibus

191 5092 306 5151 Preces.
327 5096 526 5167 Depreoemur
541 5091 715 5161 Dominum,
728 5090 876 5164 utsuprd.
1039 5099 1068 5152 et
1086 5091 1201 5150 mundo
1215 5088 1313 5147 oorde.
1330 5089 1363 5142 ii.
1379 5083 1497 5143 Domini
1509 5085 1552 5138 est
1567 5083 1646 5138 terra
1660 5083 1690 5135 et
1706 5074 1864 5150 plenitudo

189 5179 307 5239 Preces.
322 5181 575 5240 Dicemusomnes
591 5199 598 5238 :
616 5183 652 5240 P.
670 5181 805 5249 Domine,
821 5181 941 5248 exaudi,
957 5184 986 5240 et
1040 5184 1105 5254 eius
1118 5199 1125 5237 ι
1137 5180 1383 5240 orbisierrarum‚
1395 5170 1559 5232 etunirersi
1569 5163 1804 5243 quihabiiantin
1815 5176 1862 5219 eo.

152 5269 309 5329 miserere.
323 5272 355 5332 i.
366 5271 530 5329 Subveniat
539 5271 628 5330 nobis
638 5272 735 5343 gratie
747 5271 854 5332 Christi
866 5271 919 5339 tui,
933 5271 986 5345 qut
1040 5273 1105 5343 ipse
1120 5281 1209 5340 super
1224 5265 1320 5322 maria
1332 5261 1468 5320 inndavii
1477 5275 1547 5317 eum
1563 5277 1570 5320 :
1587 5261 1616 5316 et
1630 5269 1720 5327 super
1737 5249 1864 5348 flumina

151 5374 215 5434 pro
226 5358 316 5417 nobis
327 5360 502 5434 passionem
514 5359 656 5434 suscepit.
664 5361 701 5417 P.
716 5360 852 5418 Domine.
860 5359 891 5422 ii.
907 5359 987 5418 Scin·
1039 5351 1317 5430 praeparavitiiium.
1330 5352 1368 5408 P.
1382 5335 1864 5409 innocens.lii.·0uisascendet1n

152 5449 214 5508 dei
224 5447 459 5522 chirographum
473 5449 661 5518 delictorum,
676 5450 730 5522 qui
744 5448 882 5515 liberavit
893 5452 987 5506 morte
1041 5447 1173 5502 moutam
1182 5437 1451 5511 Dominitautquie
1460 5431 1657 5492 stabitinioco
1667 5421 1864 5495 sanctoniae?

153 5535 285 5618 mittit
293 5538 446 5606 lundam.
461 5539 498 5598 P.
514 5537 650 5611 Domine,
666 5536 698 5605 t.
722 5536 870 5600 dsislticet
883 5551 988 5611 pecca·
1041 5528 1327 5604 Drinonaocepitin
1342 5540 1420 5586 sano
1430 5523 1563 5587 animam
1574 5529 1673 5582 suam,
1686 5527 1741 5570 neo
1749 5511 1866 5584 iurarit
