4117 6175
122 252 173 310 lor
617 224 1312 325 nauumrdsroclatluurl'nuluiu.
1774 276 1826 340 lea

122 378 189 451 post
211 378 264 434 te:
280 377 290 397 ‘
316 376 351 433 ut
372 374 528 449 possideas
553 376 664 435 terram
696 368 945 459 peregrinationis
960 378 984 437 A
997 392 1033 456 le.
1048 383 1154 458 Gloria,
1170 391 1199 447 at
1215 389 1322 460 honor,
1337 388 1392 449 ete.
1408 390 1438 447 P.
1455 387 1490 453 At
1501 406 1570 455 osea
1588 409 1705 459 eorum.
1725 400 1825 462 Domi·

121 470 186 523 tuae.
998 483 1056 529 nus
1071 473 1107 530 sit
1121 489 1247 550 semper.
1264 490 1295 551 lp.
1310 476 1343 535 Et
1360 492 1440 538 oum.

152 555 339 626 Antiphone.
348 553 841 627 Demomnipotensnomeuestei
850 547 942 615 bene·
1031 556 1097 619 Atia
1111 561 1226 625 Lauda
1235 566 1500 629 Clamoruostarad
1512 573 1539 630 te
1550 576 1717 647 perveniat,
1730 580 1821 648 Dana,

120 644 193 702 dieat
206 642 308 713 uobis,
322 646 351 699 et
363 658 495 700 erescere
505 658 563 702 nos
576 643 668 703 iaciat
677 642 709 702 in
721 650 836 705 mamas
848 662 944 721 popu·
995 641 1129 719 Alleluia,
1150 653 1278 724 alleluia,
1294 656 1423 717 alleluia.
1442 658 1473 723 ll.
1487 661 1565 719 Daue
1586 662 1698 722 exaudi
1714 670 1823 727 oratio-

119 732 222 790 lorum.
995 738 1821 825 uamnoetram.P.Clamoruoster.tl.tlloria,athonor,

151 821 396 881 Mutatiaorium.
414 825 450 891 A.
463 818 547 877 ilaue
559 819 701 879 exaudies
713 837 819 880 voeem
830 837 941 891 meam,
995 830 1049 884 ete.
1066 828 1095 883 P.
1109 828 1242 899 Alleluia,
1259 832 1386 905 alleluia,
1402 835 1531 895 alleluia.

117 910 249 969 Domine.
261 910 299 968 P.
328 912 413 967 llane
439 908 568 1004 adstabo
585 908 649 979 tibi,
663 912 692 968 et
705 911 840 970 adorabo
854 914 892 969 te.
907 912 939 975 i.
1029 916 1822 999 Benedictiollignare,Dominehane:Qaaeresold'A

120 1000 211 1058 verba
220 1016 290 1057 mea
302 998 426 1056 auribus
434 999 566 1072 peroipe,
577 999 704 1058 Domina
720 998 869 1073 :intellige
880 999 941 1059 ola·
993 998 1035 1057 at
1048 1000 1149 1061 atatim
1161 1003 1215 1074 rue
1235 1012 1526 1069 communeratiuuaa
1541 1026 1616 1086 qaue
1641 1018 1823 1077 eonsaeoiaai

118 1104 227 1147 morem
234 1086 666 1150 meumPAaueadstdboi.
679 1087 786 1160 Gloria,
798 1090 940 1157 ethonor,
991 1090 1103 1161 tarde,
1118 1094 1241 1152 seilicet.
1251 1096 1297 1153 Ad
1305 1098 1548 1157 annuntiandum
1558 1104 1822 1164 mademiaerieor-

118 1180 171 1238 ete.
190 1177 356 1234 Pateretur
364 1184 397 1247 le.
410 1176 494 1233 Anna
503 1174 655 1233 exaudies.
993 1175 1078 1237 diem
1088 1186 1181 1252 tuam,
1195 1184 1250 1240 etd.

151 1264 423 1325 Laudolnaanetis
431 1263 937 1336 eiualaudateliomiuum.Alleluia,
1028 1268 1240 1338 multatione,
1249 1270 1486 1339 Domine,oratio
1495 1274 1608 1335 noina.
1616 1277 1778 1350 Quae-etot.
1786 1282 1815 1339 7.

118 1352 235 1414 alleluia
248 1372 256 1411 τ
268 1352 298 1411 iu
307 1352 500 1410 firmamento
508 1352 623 1410 virtutis
632 1353 699 1425 eiua
708 1353 829 1413 laudate
840 1355 938 1413 nomi
1025 1354 1133 1415 Laeua
1145 1357 1182 1415 de
1190 1360 1284 1429 sonte.
1293 1360 1371 1418 Fons
1380 1362 1436 1420 lete
1448 1364 1517 1420 vitia
1529 1365 1618 1422 noble
1628 1378 1670 1422 aa.
1680 1366 1805 1425 Alleluia

115 1458 197 1500 num.
213 1434 346 1508 Alleluia,
360 1439 490 1499 alleluia.
504 1440 552 1497 Pe.
567 1456 611 1498 on.
629 1493 631 1495 ,
991 1443 1025 1501 P.
1038 1446 1115 1513 Quia
1129 1448 1244 1505 sanetis
1257 1444 1709 1513 tuleeiroumdetuees.Aileluia.
1718 1454 1750 1518 ri.
1764 1455 1818 1513 lii.

147 1532 310 1604 Pwpietiu.
322 1524 384 1600 Pili,
394 1528 476 1589 iiabe
491 1528 635 1588 tldueiam
644 1530 677 1589 in
690 1531 827 1591 nomino.
837 1532 938 1601 Quare
991 1536 1504 1613 gansmouteedeeuperioribuatule
1518 1541 1677 1600 :deiruetu
1690 1557 1819 1617 operum

113 1623 167 1693 sot.
189 1626 235 1681 ⁹⁵.
990 1627 1112 1682 tuorum
1131 1626 1288 1684 satiabitur
1305 1629 1393 1688 tarra.
1410 1628 1443 1687 P.
1461 1631 1535 1700 Quia
1551 1632 1669 1689 Sanetle
1688 1632 1756 1692 tois.
1784 1632 1817 1696 ll.

447 1707 597 1780 nemaeo.
951 1702 974 1777 it
991 1712 1098 1782 Gloria,
1114 1719 1144 1773 et
1153 1712 1260 1785 honor,
1277 1720 1334 1774 eto.
1349 1715 1380 1773 P.
1394 1716 1527 1787 Allelula,
1545 1719 1676 1780 allelma.

231 1795 424 1856 Muaaeterni
435 1794 560 1859 lumime
1300 1822 1345 1879 Aa
1359 1822 1502 1882 Tertiam,

197 1886 550 2047 gymffimgaffibffiss’
1026 1924 1196 1997 Propertio.
1209 1926 1272 2000 lili,
1278 1926 1398 1987 Custodi
1409 1942 1573 1987 sermones.
1583 1930 1690 2000 Quaere
1695 1932 1752 2002 sol.
1766 1934 1819 2005 96,

221 1992 260 2077 ⁰¹}
331 1992 362 2077 ⁵,
446 1991 498 2120 ul?
518 2018 573 2119 ’M
1025 2014 1339 2085 inluminaturus
1349 2017 1682 2093 Domiuuaatjustitiam
1693 2016 1817 2079 dilexit:

198 2066 670 2211 QssunlffgnffiffioelnggW
990 2102 1162 2176 aequitatem
1171 2102 1245 2162 vidit
1262 2105 1362 2163 vultus
1373 2106 1448 2180 ejus,
1463 2108 1597 2166 Peelmua
1610 2126 1643 2168 x.

197 2169 346 2299 mm}
386 2255 406 2297 v
438 2238 556 2298 bom
672 2192 680 2220 ’
1026 2191 1142 2250 Oratio
1161 2194 1260 2251 iustus
1269 2210 1311 2266 aa,
1321 2196 1457 2268 Domine,
1467 2196 1654 2273 etjustitiam
1667 2194 1767 2269 diligis
1776 2203 1819 2257 at·

307 2256 368 2298 ³¹⁰
407 2256 438 2298 ⁰¹
557 2256 581 2308 ⁸’
990 2280 1166 2354 queaspieis
1174 2283 1346 2356 aequitatem
1362 2284 1554 2343 :donanobis
1562 2290 1631 2345 aute
1639 2286 1818 2345 oeuloetuoe

989 2366 1818 2449 tibiplaeilaeiplaoiturapertieere;eleemperdiguatuae

987 2455 1816 2539 iustitiaeatqueeaequitatieoperaconsummarelplmeu.

1024 2545 1078 2604 Per
1096 2548 1345 2610 misericordiam.

196 2328 255 2389 Per
268 2328 374 2388 Piliam
386 2332 494 2387 anneta
509 2328 588 2401 regis

197 2419 306 2479 Sancto
321 2416 442 2492 Spiritui
460 2416 529 2475 lona
542 2430 585 2474 ee.

231 2506 355 2565 imnum
363 2521 477 2564 nomen
495 2504 556 2564 alta
568 2502 664 2572 videa

197 2598 296 2656 linum
313 2610 369 2670 per
382 2593 487 2655 omnia
500 2597 598 2668 potes,

197 2686 363 2759 ltirumque
376 2700 431 2758 per
445 2684 566 2755 signum
578 2682 677 2742 &aeia

195 2776 238 2833 Tu
251 2778 348 2832 rector
359 2772 517 2830 immensae
531 2772 620 2829 lueis.

230 2862 275 2920 Tu
288 2858 396 2920 mundi
407 2862 584 2920 constitutor
597 2875 639 2928 aa,

197 2955 238 3011 iii
251 2952 435 3025 sempiterno
444 2950 553 3008 throno
563 2950 649 3009 aeden

1025 2653 1199 2725 antiplona
1209 2659 1235 2713 2.
1245 2658 1296 2725 Tu,
1306 2655 1442 2728 Domine,
1451 2657 1665 2717 servabienos:
1680 2664 1710 2715 et
1719 2662 1816 2719 aueto-

988 2741 1054 2800 diee
1065 2758 1122 2799 noa
1138 2746 1157 2800 a
1170 2743 1361 2815 generatione
1375 2744 1406 2801 in
1420 2746 1575 2817 progenie.
1588 2747 1724 2804 Paalmua
1738 2761 1780 2803 xr.

1025 2830 1136 2890 Oratio.
1153 2830 1274 2888 Custodi
1287 2846 1353 2901 noa,
1370 2831 1506 2897 Domine,
1522 2831 1553 2888 in
1570 2831 1771 2905 generatione,
1787 2837 1816 2888 et

988 2918 1132 2993 progenie
1140 2934 1149 2988 ;
1158 2934 1214 2977 nee
1228 2935 1299 2976 eum
1310 2920 1452 2994 praesenti
1460 2919 1620 2979 volvamur
1633 2919 1753 2993 amenio,
1763 2918 1817 2993 qui

200 3040 300 3110 judex,
317 3055 354 3099 01
366 3040 425 3099 ,110
441 3038 563 3098 pumffi,
953 3012 1040 3128 Ctrio
1050 3009 1114 3081 jam
1132 3008 1307 3067 inhesimus
1320 3009 1539 3069 fundamento:
1556 3010 1610 3068 eed
1624 3010 1816 3067 miseriarum

199 3131 307 3188 venisti
320 3129 383 3203 pati
392 3145 448 3203 pro
460 3125 561 3186 nohis,
987 3105 1159 3158 nostrarum
1173 3098 1343 3158 eonaoiator
1362 3113 1484 3172 exurge,
1498 3105 1528 3160 et
1540 3103 1690 3175 provenuu
1706 3099 1815 3160 laetitia

230 3221 274 3277 pu
286 3217 421 3277 Sabaoth
434 3215 636 3292 omnipotens,
988 3201 1132 3247 moerores
1146 3192 1266 3247 nostroe
1277 3187 1424 3262 absterge.
1440 3200 1473 3262 lp.
1484 3190 1592 3248 Amen.

195 3303 684 3377 Tulloeannasnmmioulmiula,
1023 3276 1335 3336 Pelmsseiiwldiflm·

196 3393 259 3453 ilbi
275 3395 345 3453 laus
359 3396 403 3452 est
417 3393 572 3463 ornabitis,
1021 3380 1228 3454 antiphonae.
1239 3381 1374 3441 Ganaba
1380 3381 1663 3448 Dominoliaomee,
1672 3377 1815 3450 quibona

195 3485 283 3542 lues
299 3482 577 3558 primaenaataeie.
986 3471 1171 3531 medemini
1187 3487 1195 3530 r
1211 3470 1288 3530 Daue
1299 3466 1747 3542 meua,tibipeallam.Paelmaa
1760 3483 1812 3525 xn.

231 3577 274 3631 lu
285 3572 358 3631 fidei
373 3573 542 3631 auditores.
1022 3561 1194 3622 Retterrtur
1203 3561 1386 3634 Auupiono.

196 3660 229 3721 lit
236 3659 409 3720 humileatu
420 3657 556 3736 respicis,
1022 3661 1055 3722 ie.
1071 3650 1228 3708 Aesoonde
1243 3663 1291 3707 ma
1305 3649 1337 3705 in
1349 3645 1543 3706 tabernaeulo
1556 3648 1619 3712 tuo,
1635 3647 1723 3703 Deua.
1733 3646 1764 3702 Ρ.
1780 3645 1815 3702 lu

196 3751 258 3810 Tibi
272 3751 368 3809 rutum
380 3748 464 3808 vides
476 3750 630 3819 thronum,
986 3735 1188 3796 dlemnlorum
1194 3733 1814 3806 meorumliberamadullxaudimomiue,

195 3839 259 3899 libi
267 3839 389 3898 divium
405 3843 450 3898 est
463 3839 571 3898 honor.
985 3838 1091 3884 aoaem
1106 3837 1206 3884 meam
1215 3840 1280 3899 ¹qua
1289 3824 1419 3883 elamavi
1430 3823 1471 3883 ad
1481 3826 1510 3882 te
1524 3837 1533 3880 t
1548 3821 1689 3880 mirerere
1701 3822 1774 3894 mei,
1786 3823 1815 3880 et

230 3930 416 4003 censeoque,
435 3931 546 3986 ammo
559 3930 619 3986 lieo
986 3913 1096 3974 exaudi
1109 3923 1169 3972 ma.
1181 3915 1212 3970 Ρ.
1228 3916 1260 3970 ln
1274 3911 1323 3970 die
1334 3911 1493 3972 maloram.
1504 3910 1537 3975 i.
1548 3909 1655 3982 Gloria,
1670 3909 1812 3981 ethonor,

194 4018 283 4083 Patri,
299 4034 370 4076 oum
386 4019 496 4076 saneto
506 4015 625 4091 Spiritu,
986 4007 1044 4060 ete.
1058 4001 1236 4060 retertur.
1248 3997 1281 4066 tl.

195 4109 230 4164 ln
243 4111 272 4164 te
280 4107 434 4165 wlmarus
443 4118 571 4165 munem
1021 4089 1167 4148 Dominu!
1183 4091 1222 4148 tlt
1235 4102 1363 4164 Semper·
1378 4088 1411 4153 ἵ.
1431 4091 1466 4147 Et
1479 4102 1562 4146 clim.

198 4194 514 4254 Amadummole.
1021 4194 1137 4253 Lauda.
1153 4191 1286 4264 Alleluia,
1304 4193 1433 4252 alleluia.
1446 4194 1571 4266 llagnue
1581 4187 1727 4249 Dominus
1744 4201 1815 4246 noe-

232 4288 336 4342 Amen.
987 4289 1040 4353 ter,
1055 4287 1083 4341 et
1092 4295 1205 4355 magna
1214 4279 1380 4356 virtuseJue
1395 4295 1403 4340 e
1418 4281 1448 4340 Ρ.
1461 4280 1595 4338 Alleluia.
1609 4277 1643 4343 l·
1656 4281 1689 4336 lit
1698 4277 1815 4351 eapien-

137 4372 202 4449 99
212 4371 413 4446 Suppuratio.
431 4372 559 4434 oremus
571 4372 793 4448 redemptorem
814 4377 931 4436 mundi.
946 4407 971 4470 D
988 4370 1035 4429 ue
1050 4371 1115 4445 elus
1130 4385 1192 4430 non
1207 4373 1251 4430 eat
1263 4384 1419 4429 uumerus.
1437 4371 1467 4426 Ρ.
1482 4369 1618 4436 Alleluia,
1634 4363 1813 4428 audemia

12 4472 13 4479 ’
100 4465 242 4539 Reperire,
259 4460 311 4521 lol.
327 4466 372 4520 aa.
987 4459 1096 4530 Gloria,
1111 4464 1140 4518 at
1155 4458 1264 4529 honor,
1277 4463 1332 4520 ata.
1345 4460 1378 4520 P.
1394 4458 1528 4527 Alleluia
1545 4457 1676 4516 alleluia.

138 4548 932 4630 capitulaAuribuatuis,omnipoiensDeue,pereipe
1021 4549 1135 4608 Preces.
1148 4549 1263 4608 Exaudi
1275 4562 1342 4620 noe,
1357 4551 1444 4606 Dauo.
1469 4548 1499 4605 P.
1515 4545 1642 4606 Exaudi.
1666 4543 1698 4607 il.
1712 4541 1760 4598 Ad
1783 4544 1814 4598 te

100 4639 263 4701 rerbaorie
273 4639 369 4698 nostri
382 4655 391 4709 ;
405 4645 559 4701 ettuorum
571 4640 702 4699 diluculo
713 4641 876 4700 clamorem
886 4643 932 4716 pie
985 4637 1159 4708 clamantes,
1176 4639 1262 4696 Deus.
1277 4639 1309 4696 P.
1332 4637 1456 4697 Exaudi
1473 4637 1506 4700 ll.
1529 4639 1609 4694 Boua
1631 4631 1813 4703 Redemptor

101 4731 250 4788 aemtator
262 4726 395 4800 intellige
410 4746 417 4787 ε
434 4745 470 4788 ao
485 4729 718 4788 tuaevoluntatis
729 4729 932 4790 eeutoitanos
984 4727 1116 4786 Deua.P.
1126 4727 1248 4785 Exaudi.
1264 4723 1296 4791 r.
1307 4727 1454 4786 contritae
1463 4724 1562 4791 eorde,
1577 4726 1663 4781 Dens.
1674 4721 1706 4779 P.
1718 4721 1813 4778 hau-

100 4818 262 4891 poemuniri
276 4817 420 4888 concede,
431 4822 464 4876 ut
476 4817 747 4894 vitiosasuggeetio
758 4822 867 4877 mentis
878 4834 931 4879 no·
984 4816 1025 4877 di.
1041 4815 1073 4880 li·
1089 4819 1129 4875 lle
1143 4815 1201 4874 tuin
1215 4813 1307 4884 oralia
1326 4819 1403 4874 Daue
1416 4817 1446 4873 P.
1458 4813 1580 4874 mandi.

104 4908 488 4982 suanoovaleatinrepere
504 4907 932 4985 :aitquoqueorandiadteJ’u
1021 4907 1174 4977 capitulo.
1189 4905 1322 4978 Respice,
1337 4904 1483 4964 etexaudi
1494 4916 1562 4970 noa,
1579 4899 1716 4966 Domine,
1733 4899 1812 4958 Daue

104 4996 149 5068 gia
163 4997 275 5058 aetlda
286 4996 418 5066 devotio,
435 5002 467 5057 ut
479 4996 692 5074 contemplatio
704 4999 854 5060 tuanobie
874 4999 929 5059 tri·
984 4995 1087 5053 noetu·
1099 5011 1107 5053 ε
1118 4997 1147 5054 et
1165 4991 1205 5053 ad
1225 4993 1407 5068 placendum
1421 4993 1474 5052 tibi
1493 4995 1619 5050 aoratos
1633 4994 1737 5049 noane
1760 4989 1813 5049 ad·
1840 5047 1843 5054 ,

103 5081 211 5144 buatur
224 5087 257 5144 in
269 5087 428 5144 matutino.
981 5084 1065 5160 juva,
1085 5096 1162 5160 quoe
1175 5083 1239 5158 ipsa
1254 5082 1382 5142 tribulati
1397 5081 1460 5142 :da
1472 5083 1565 5140 tinam
1574 5081 1684 5156 operia,
1698 5078 1811 5155 quide·

139 5174 464 5234 PaternooterAmalo
474 5174 836 5250 noslibera.iiequiresol.
851 5179 893 5234 lo.
983 5170 1053 5233 dieii
1064 5173 1246 5249 principium
1259 5171 1420 5231 voluntatis
1434 5183 1442 5229 t
1458 5172 1510 5241 da,
1529 5177 1563 5231 ut
1573 5174 1728 5246 possimus
1751 5166 1810 5222 imd

139 5256 254 5320 Lauda.
277 5261 486 5321 Coniortentur
499 5279 608 5323 manus
622 5261 740 5322 Domini
764 5262 795 5321 in
816 5263 931 5323 sanetis
983 5261 1074 5336 plere,
1088 5277 1156 5336 quer
1171 5259 1287 5329 dedisti,
1305 5267 1335 5319 ut
1346 5261 1473 5318 velimus
1484 5261 1628 5335 incipere.

107 5347 178 5420 ejus.
190 5351 326 5410 Alleluia.
339 5353 375 5412 P.
394 5356 429 5410 lit
449 5369 520 5411 osea
541 5369 646 5412 eorum
660 5352 742 5412 velut
754 5351 849 5412 herba
867 5367 931 5425 ger·
1019 5352 1225 5408 Paternoster.
1242 5349 1357 5410 Amaia
1369 5365 1427 5409 nos
1448 5351 1551 5409 ibera
1569 5347 1675 5415 Quoere
1690 5339 1747 5412 soi.
1763 5341 1807 5395 lo.

106 5438 271 5500 minaeum
286 5440 422 5509 Alleluia,
437 5440 566 5501 alleluia.
588 5441 618 5504 P.
635 5441 761 5501 Plentati
779 5439 811 5500 ln
833 5440 929 5503 Domo
1017 5438 1069 5497 Ad
1081 5437 1208 5514 tertam,
1228 5441 1329 5500 omniu
1344 5441 1486 5500 dieantur
1499 5445 1533 5495 ot
1559 5439 1591 5492 ta
1609 5435 1714 5502 Sexta,
1743 5443 1809 5502 poa

107 5523 527 5600 Domini,inatrliedomual)ei
534 5527 637 5592 nostrl.
649 5530 684 5592 P.
693 5522 927 5593 Etoeeaaordm.
983 5525 1097 5590 duitor
1106 5541 1163 5603 per
1181 5535 1272 5591 totam
1286 5538 1409 5592 uanum.
1421 5527 1472 5587 Ad
1481 5527 1612 5596 Nonou,
1624 5517 1774 5592 utsupra.
