4117 6175
225 258 279 320 ⁸83
853 274 1083 334 aaavtatuutt
1102 275 1300 341 eotfltcuu.
1883 284 1938 340 eat

601 399 675 458 iiix.
1067 403 1092 461 A
1143 405 1198 461 iste
1214 405 1361 465 Dominus
1380 408 1577 465 sustinuimus
1592 422 1671 476 eum,
1686 405 1890 465 exultabimus
1911 413 1939 466 et

276 495 413 538 camena
431 497 550 541 rossrsr
568 503 602 544 na
620 505 701 546 aiano
718 506 952 549 rsasanoaraor
971 507 1001 548 u.
1106 489 1266 550 letabimur
1277 495 1308 552 in
1323 495 1451 554 salutare
1464 497 1527 554 eius
1543 511 1549 554 :
1566 497 1639 570 quia
1652 495 1940 569 requiescetmanus

540 575 679 646 capituto
692 582 736 636 ιο.
1109 579 1228 641 Domini
1242 583 1274 640 in
1286 588 1388 642 monte
1403 585 1473 645 isto.

266 659 371 762 {aaa
386 679 564 738 eonumest.
1157 667 1161 674 “
1478 675 1579 730 arni.

265 765 391 822 Domine
404 769 612 841 Deuspatrum
627 776 798 832 nostrorum
816 778 850 834 tu
870 791 903 832 es
932 774 1012 834 Deus
1026 775 1057 832 in
1314 777 1451 821 ῦιιῐιῢῑιιι
1470 779 1558 820 ¹³⁵OE
1576 777 1728 820 Pflol’flffl·

233 852 298 910 celo
312 868 322 910 ι
336 857 364 912 et
374 855 539 914 dominaris
550 861 663 918 cunctis
677 864 777 938 regnis
788 865 933 936 gentium.
1424 853 1564 924 caplim
1578 855 1622 910 3⁷·

270 946 304 1000 in
325 961 420 1001 manu
433 950 485 1003 tua
498 952 544 1005 est
560 948 701 1011 tortitudo
714 955 882 1028 etpotentia
893 973 900 1012 ε
910 971 966 1012 nec
980 955 1060 1030 quis·
1150 919 1268 1079 {cm
1280 941 1441 1014 Εῑῦιὸθῐΰ·

236 1048 330 1107 quam
346 1033 398 1091 tibi
414 1039 667 1108 potestresistffl,
1175 1027 1276 1085 omine
1286 1031 1469 1089 exercituum
1479 1030 1556 1088 Deus
1570 1029 1673 1088 Srahel
1685 1029 1738 1104 qui
1751 1029 1840 1087 sedes
1853 1045 1948 1104 super

272 1125 377 1179 Nonne
391 1127 422 1180 tu
436 1126 559 1183 Domine
575 1128 653 1186 Deus
671 1135 772 1189 noster
790 1132 821 1190 in
841 1136 868 1190 te
892 1133 985 1190 iecisti
998 1149 1064 1190 om·
1117 1115 1315 1176 ⁰⁰fflbim²l¹¹
1326 1118 1949 1190 ⁰⁸⁰0⁰⁸³0111⁸0m11111fflf²8¹1⁰¹¹¹¹¹1l⁰ff⁰·

237 1224 291 1267 nes
300 1209 483 1270 habitatores
501 1219 576 1273 terra
590 1217 680 1275 huius
689 1235 792 1279 comm
807 1221 920 1294 populo
934 1227 986 1279 tuo
999 1224 1065 1281 sm.
1153 1206 1191 1262 Te
1204 1205 1297 1264 iecisti
1309 1208 1407 1267 celum
1421 1213 1450 1266 et
1464 1213 1594 1268 terram:
1616 1207 1726 1266 inclina
1744 1207 1873 1265 Domine
1898 1223 1951 1264 au·

238 1299 308 1356 het:
325 1303 354 1356 et
368 1299 475 1358 dedisti
489 1319 557 1360 eam
571 1307 678 1365 semini
700 1307 849 1368 Abraham
871 1311 960 1368 amici
974 1311 1016 1369 ιιι
1035 1311 1066 1368 ιιι
1118 1309 1182 1351 rem
1203 1299 1330 1354 tuamet
1355 1299 1433 1366 audi,
1448 1297 1531 1372 aperi
1545 1297 1649 1354 oculos
1672 1301 1739 1354 tuos
1764 1295 1878 1353 atride
1900 1311 1906 1352 :
1923 1299 1955 1351 et

243 1388 468 1460 sempiternum.
1121 1381 1190 1440 audi
1204 1385 1307 1442 omnia
1322 1387 1513 1456 sennacerib,
1535 1401 1594 1460 que
1608 1385 1689 1443 misit
1708 1387 1748 1443 ab
1767 1383 1958 1443 blasteman-

278 1475 553 1552 iiabitaberuntque
572 1480 602 1538 in
624 1497 683 1542 ea:
705 1489 733 1541 et
754 1483 1016 1561 instruxeruntque
1037 1486 1068 1544 in
1122 1480 1196 1538 dum
1211 1485 1302 1540 Deum
1324 1484 1485 1543 vibentem·

243 1561 296 1620 illa
314 1567 518 1623 sanctuarium
533 1570 648 1627 nomini
666 1574 716 1629 tuo
735 1572 879 1630 dicentes.
1158 1571 1230 1629 Vere
1244 1573 1324 1630 enim
1334 1573 1458 1631 Domine
1472 1573 1606 1630 desertas
1622 1571 1755 1629 iecerunt
1773 1586 1860 1643 reges
1876 1570 1959 1628 Assi-

279 1651 309 1707 Si
327 1652 472 1710 inruerint
485 1672 639 1729 supernos
654 1659 734 1717 maia
742 1661 844 1732 gladii,
860 1662 970 1729 iudicii,
984 1663 1071 1735 pesti·
1123 1659 1236 1717 riorum
1251 1665 1343 1720 terras
1357 1668 1385 1721 et
1399 1661 1537 1735 regiones
1553 1663 1675 1735 earumI:
1688 1660 1959 1719 etdederuntdeos

244 1737 332 1796 lentie
347 1748 375 1797 et
385 1740 474 1799 lamis
490 1745 637 1803 stabimus
647 1764 749 1807 coram
768 1754 797 1806 te
815 1749 847 1807 in
862 1751 952 1809 domo
970 1752 1027 1809 hac
1040 1752 1070 1808 in
1085 1750 1109 1809 B
1125 1765 1229 1807 earum
1241 1751 1313 1822 igni.

244 1836 408 1901 conspectu
423 1837 473 1890 tuo
487 1833 517 1890 in
531 1835 774 1912 quainvocatum
788 1843 952 1897 estnomen
963 1846 1069 1897 tuum:
1160 1842 1224 1896 Non
1239 1839 1320 1896 enim
1344 1845 1429 1898 erant
1443 1841 1494 1908 dii,
1516 1845 1560 1898 aet
1578 1854 1671 1913 opera
1685 1833 1834 1896 manuum
1854 1836 1959 1895 homi-

244 1921 274 1974 et
286 1917 486 1978 clamabimus
498 1923 537 1980 ad
549 1929 575 1980 te
588 1926 620 1982 in
642 1927 886 1986 tribulationibus
907 1930 1028 1998 nostris,
1044 1933 1073 1987 et
1125 1943 1201 1984 num
1214 1927 1334 1998 lignaet
1348 1928 1424 2002 lapis
1441 1947 1447 1986 :
1462 1935 1490 1986 et
1501 1929 1744 1987 comminuerunt
1763 1944 1826 1984 eos.

243 2008 398 2075 exaudies,
409 2010 572 2085 salbosque
584 2013 686 2072 iacies.
1163 2017 1196 2071 lit
1205 2031 1285 2072 nunc
1301 2016 1423 2074 Domine
1438 2017 1515 2076 Deus
1528 2022 1628 2076 noster
1641 2015 1724 2074 salva
1739 2031 1796 2072 nos
1810 2014 1848 2072 de
1858 2028 1961 2070 manu

281 2097 364 2152 Nunc
378 2097 468 2168 igitur
481 2101 559 2158 Deus
570 2107 690 2164 noster:
706 2120 778 2177 ergo
791 2106 1008 2166 noniudicabis
1020 2107 1074 2165 ini·
1127 2104 1190 2162 eius
1213 2108 1256 2160 :ut
1270 2110 1454 2176 cognoscant
1465 2105 1569 2164 omnia
1583 2121 1678 2178 regna
1694 2109 1768 2162 terre
1784 2101 1856 2178 quia
1873 2107 1910 2159 tu
1925 2118 1960 2159 as

242 2181 340 2240 micos'
358 2189 500 2244 nostros?
1128 2193 1273 2251 Dominus
1284 2194 1377 2253 solus.

279 2269 310 2327 tn
324 2272 410 2328 nobis
419 2273 544 2346 quidem
556 2292 618 2336 non
632 2282 716 2337 tanta
729 2284 773 2339 est
786 2282 929 2340 tortitudo
943 2301 951 2340 ε
964 2287 996 2341 ιιι
1005 2300 1075 2358 pos·
1483 2300 1597 2359 ιιιιιιι,

244 2358 1072 2445 eimushuicmultitudiniresisterequeinruitsupernos.

280 2449 329 2506 Set
343 2464 438 2522 quum
450 2451 624 2524 ignoremus
633 2457 708 2530 quid
721 2473 810 2530 agere
819 2460 1073 2519 debeamus:hoc
1459 2515 1467 2540 ,
1513 2515 1519 2526 ,

243 2534 342 2593 solum
356 2538 514 2598 residuum
529 2541 734 2614 habersuam
754 2547 858 2606 oculos
874 2554 993 2607 nostros
1005 2549 1075 2607 diri.
1443 2514 1581 2586 balmum
1593 2516 1637 2570 ³⁸·

241 2627 456 2696 eemusadte·
1170 2621 1580 2724 {ervianeusnomtnus

613 2722 700 2780 LXXI·
1162 2733 1238 2786 Ana.
1256 2727 1401 2800 Corripics
1416 2743 1461 2786 me
1475 2727 1600 2785 Domine
1613 2733 1640 2784 et
1655 2725 1816 2794 vivificabis
1832 2739 1888 2781 me.

438 2820 577 2866 cenricus
605 2825 695 2868 asara
724 2827 877 2871 raornars.
1163 2819 1224 2887 Ego
1236 2815 1309 2884 dixi,
1322 2815 1352 2872 in
1367 2815 1493 2874 dimidio
1501 2816 1617 2872 dierum
1632 2830 1778 2882 meorum,
1788 2812 1904 2870 vadam
1921 2811 1967 2869 ad

543 2898 685 2971 Capitale
716 2903 764 2960 ιιι.
1126 2909 1228 2981 portas
1244 2903 1328 2962 interi
1349 2922 1355 2961 ε
1382 2904 1502 2979 quesibi
1519 2904 1674 2961 residuum
1693 2918 1841 2960 annorum
1868 2916 1966 2958 meo·

279 2963 352 3064 ΞΟ.
368 2984 402 3038 in
415 2985 582 3046 matutinis.
1124 3009 1192 3052 rum
1209 3011 1216 3050 :
1233 2992 1295 3051 dixi
1309 3009 1371 3050 non
1384 2992 1491 3052 videbo
1500 2993 1661 3050 Dominum
1672 2995 1765 3050 Deum
1776 2991 1807 3047 in
1820 2994 1902 3048 terra
1918 2990 1966 3046 vi·

275 3069 400 3128 Domine
410 3072 488 3130 Deus
505 3091 591 3133 meus
604 3093 637 3135 es
652 3080 684 3136 tu
697 3097 705 3139 z
719 3078 858 3140 exaltabo
872 3083 900 3139 te
911 3081 1072 3141 etconflte·
1124 3082 1271 3142 bantium.

239 3155 297 3216 bor
311 3160 502 3219 nominituo.
1158 3175 1223 3230 Non
1245 3170 1389 3245 aspiciam
1412 3170 1567 3230 hominem
1596 3170 1674 3228 ultra
1695 3174 1723 3227 et
1754 3167 1967 3226 habitatorem

277 3247 425 3312 Quoniam
438 3249 530 3309 iecisti
549 3252 716 3314 mirabilia:
732 3258 763 3315 et
777 3256 972 3331 cogitationes
993 3260 1069 3319 anti·
1123 3260 1241 3335 quiebis
1254 3261 1407 3331 generatio
1421 3276 1499 3331 mea,
1513 3259 1614 3317 ablata
1631 3262 1676 3317 ast
1690 3263 1718 3315 et
1729 3256 1889 3315 convoluta
1914 3245 1970 3311 εει

241 3350 321 3411 quas
334 3336 437 3394 fideles
450 3354 551 3399 amen.
1127 3365 1146 3407 a
1159 3365 1208 3407 me
1227 3350 1316 3422 quasi
1326 3348 1524 3407 tabernacula
1537 3353 1705 3423 pastorum.

278 3426 354 3491 Quia
365 3429 490 3501 posuisti
505 3430 657 3490 civitatem
670 3433 702 3492 in
724 3435 884 3505 tumulum,
896 3436 1002 3495 urbem
1012 3438 1072 3497 ior·
1162 3438 1281 3496 Preciae
1297 3442 1342 3495 est
1355 3437 1438 3495 velut
1451 3454 1469 3495 a
1481 3442 1597 3496 texente
1617 3434 1674 3493 teia
1688 3436 1746 3493 vita
1772 3450 1848 3501 mea,
1872 3432 1962 3489 dum

241 3515 302 3571 tem
314 3515 346 3571 in
359 3516 479 3575 ruinam
493 3518 620 3579 domum
632 3522 823 3581 alienorum:
849 3531 959 3584 utnon
984 3527 1074 3585 sitci·
1126 3526 1226 3586 adhuc
1244 3527 1359 3584 ordirer
1379 3526 1505 3583 succidit
1526 3543 1569 3583 me
1598 3545 1604 3586 :
1629 3525 1667 3581 de
1685 3540 1771 3581 mane
1795 3537 1890 3595 usque
1920 3522 1969 3579 ad

242 3601 329 3668 vitas,
341 3609 370 3659 et
382 3604 413 3661 in
429 3609 645 3681 sempiternum
658 3627 721 3669 non
735 3613 898 3671 edificetur.
1126 3630 1288 3689 vesperum
1303 3614 1410 3671 finiens
1426 3631 1485 3672 me.

280 3692 376 3764 Super
401 3693 459 3753 hoo
485 3695 623 3758 laudabit
641 3704 669 3758 te
689 3702 820 3776 populus
838 3703 922 3761 fortis
942 3718 951 3762 ι
969 3704 1074 3763 ciritae
1165 3703 1330 3777 Sperabam
1345 3704 1482 3777 usquein
1501 3719 1589 3762 mane
1606 3721 1612 3759 :
1630 3702 1715 3776 quasi
1728 3702 1775 3759 leo
1788 3702 1830 3759 sic
1845 3702 1965 3759 mutri-

245 3780 378 3850 gentium
392 3784 587 3844 robustarum
601 3788 718 3848 timebit
731 3796 769 3850 ta.
1129 3793 1173 3852 bit
1191 3792 1295 3850 omnia
1313 3808 1385 3851 ossa
1402 3808 1480 3851 mea.

281 3868 355 3933 Ouia
364 3869 461 3929 iactus
469 3890 500 3929 es
509 3874 652 3935 tortitudo
663 3881 789 3953 pauperi
798 3880 1078 3955 tortitudoegenoin
1166 3880 1248 3939 Siout
1259 3880 1359 3955 pullus
1368 3880 1526 3955 yrundinie
1537 3880 1579 3939 sic
1585 3878 1756 3937 clamabam
1769 3897 1775 3935 :
1787 3878 1966 3937 meditabar

247 3956 457 4018 tribulatione:
475 3978 545 4036 spes
559 3966 717 4034 atarbius,
728 3970 939 4029 umbraculum
949 3971 989 4029 ab
999 3978 1077 4041 estu,
1132 3976 1164 4029 ut
1176 3960 1319 4029 'columba
1334 3990 1341 4028 r
1356 3971 1510 4028 adtenuati
1523 3968 1679 4026 suntoculi
1693 3968 1751 4025 mei
1760 3966 1965 4041 suspicientes

285 4045 409 4119 Spiritus
423 4050 504 4108 enim
521 4053 716 4113 robustorum
732 4072 739 4113 :
758 4059 846 4131 quasi
864 4059 953 4118 turbo
973 4060 1078 4133 impet·
1132 4060 1164 4117 in
1178 4058 1306 4129 excelso,
1328 4057 1453 4115 Domine
1475 4058 1533 4115 vim
1553 4058 1649 4131 patior
1660 4057 1808 4130 responde
1822 4072 1878 4129 pro
1897 4072 1966 4114 me.

249 4130 315 4191 ¹0⁰⁸
325 4136 481 4207 immem-
1169 4149 1224 4215 Qui
1238 4147 1339 4205 dicam
1353 4154 1406 4205 aut
1416 4146 1490 4222 quid
1502 4145 1693 4220 respondebit
1703 4146 1771 4202 mici
1783 4160 1879 4219 quum
1894 4144 1968 4218 ipse

291 4218 424 4301 [cxxxix]
438 4227 641 4288 Sicutestusin
654 4230 734 4289 sitim
743 4234 895 4293 tumulum
912 4235 1081 4295 alienorum
1134 4236 1278 4294 fecerim:
1294 4236 1467 4306 recogitabo
1482 4252 1588 4293 omues
1599 4250 1695 4291 annos
1707 4249 1789 4291 meos
1807 4234 1835 4289 in
1851 4235 1969 4291 amari·

248 4314 441 4376 humiliabis:
456 4322 485 4372 et
498 4318 585 4391 quasi
598 4318 729 4377 calorem
745 4322 801 4379 sub
814 4324 896 4381 nube
908 4329 1080 4397 torrentem,
1134 4324 1237 4382 tudine
1249 4326 1350 4383 anime
1365 4340 1442 4383 mee.

248 4404 448 4481 propaginem
463 4404 586 4461 tortium
602 4422 786 4467 marcescere
800 4409 901 4468 iacies.
1171 4414 1296 4471 Domine
1307 4414 1331 4469 si
1348 4414 1390 4471 sic
1403 4414 1529 4480 vibitur;
1543 4418 1570 4470 et
1593 4412 1623 4469 in
1636 4410 1746 4469 talibus
1767 4412 1811 4467 est
1825 4408 1888 4467 rita
1903 4412 1969 4485 spi·

285 4496 319 4549 at
330 4492 1081 4575 iacrietDomiuusexercituumomnibuspopuiisin
1097 4474 1120 4531 D
1135 4502 1209 4560 ritus
1219 4502 1278 4559 mei
1294 4503 1455 4575 :corripies
1471 4519 1519 4559 me
1534 4506 1563 4558 et
1576 4498 1744 4559 vivificabis
1760 4514 1816 4554 mc.

250 4586 353 4642 monte
365 4582 424 4639 hoo
438 4582 610 4640 convivium
621 4584 790 4657 pinguium,
805 4589 1082 4648 conviviumrinde-
1171 4594 1244 4648 Ecce
1263 4592 1293 4648 in
1304 4607 1377 4663 pace
1391 4590 1561 4649 amaritudo
1574 4588 1837 4647 meaamarissima
1849 4602 1856 4643 :
1867 4591 1900 4644 tu
1913 4604 1965 4645 au·

251 4672 311 4730 mie
327 4669 504 4745 :pinguium
517 4672 761 4750 medullatorum,
772 4676 925 4736 vindemie
937 4680 1081 4740 defecate.
1136 4682 1194 4737 tem
1208 4679 1309 4737 eruisti
1324 4681 1457 4738 animam
1470 4696 1570 4737 meam
1580 4684 1612 4735 ut
1627 4693 1687 4735 non
1703 4676 1819 4750 periret.

1335 2422 1469 2466 cultrice!
1489 2424 1572 2463 ESAY!
1593 2421 1748 2464 sitorum.

288 4764 322 4817 Et
336 4760 522 4835 precipitabit
535 4761 566 4818 in
581 4768 686 4821 monte
697 4764 754 4822 isto
773 4764 880 4824 taciem
889 4768 1000 4825 vinculi
1013 4783 1081 4825 con·
1171 4767 1321 4825 Proiecisti
1331 4774 1399 4841 post
1408 4774 1522 4840 tergum
1531 4773 1615 4824 tuum
1626 4784 1632 4822 :
1642 4765 1876 4839 omniapeccata
1882 4780 1966 4821 mea.

254 4849 339 4927 ligati
353 4865 444 4923 super
458 4865 564 4908 omnes
573 4852 703 4925 populos
718 4854 863 4914 :attalam
878 4872 971 4930 quam
982 4856 1083 4915 hordi-
1172 4856 1247 4922 Ouia
1260 4872 1320 4913 non
1336 4854 1468 4914 internus
1481 4855 1669 4913 confitebitur
1680 4854 1732 4911 tibi
1748 4873 1755 4910 :
1771 4868 1869 4927 neque
1880 4869 1966 4910 mors

253 4943 301 4998 tus
311 4943 355 4996 est
370 4954 462 5013 super
475 4956 581 4999 omnes
591 4942 738 5001 nationes.
754 4942 942 5019 Percipitabit
953 4953 1082 5005 mortem
1135 4944 1271 5002 laudabit
1286 4948 1322 5002 te.

252 5028 284 5085 1¹¹
297 5028 525 5101 ⁸⁰¹¹¹Pi¹0¹⁸¹11¹ffl·
1171 5038 1235 5092 Non
1245 5034 1446 5108 expectabunt
1455 5032 1509 5109 qui
1520 5034 1670 5091 descendu
1696 5036 1706 5089 t
1730 5030 1762 5087 in
1776 5030 1877 5087 laeum
1893 5047 1901 5086 ι
1916 5044 1969 5087 re-

288 5118 323 5173 llt
336 5115 448 5174 auferet
463 5118 608 5175 Dominus
620 5118 699 5176 Deus
715 5120 873 5179 lacrimam
887 5121 927 5180 ab
941 5124 1025 5180 omni
1040 5124 1082 5181 ia·
1135 5123 1254 5181 ritatem
1268 5128 1360 5179 tuam.

254 5205 299 5264 eie
314 5222 321 5261 :
342 5209 371 5261 et
384 5205 581 5279 obprobrium
595 5206 697 5281 populi
706 5210 753 5266 sui
765 5208 880 5267 auferet
890 5210 928 5267 de
941 5212 1083 5271 universa
1171 5211 1280 5269 Vivens
1292 5212 1395 5267 virens
1410 5209 1600 5268 confitebitur
1617 5208 1687 5266 tibi:
1702 5209 1778 5265 sicut
1792 5210 1822 5262 et
1831 5220 1890 5277 ego
1899 5204 1966 5261 odie

253 5296 333 5351 terra
346 5294 418 5366 quia
432 5292 577 5352 Dominus
592 5294 709 5353 locutus
728 5301 772 5355 est
790 5302 819 5356 et
839 5297 955 5357 dicetur
975 5301 1006 5357 in
1031 5301 1083 5359 ilia
1136 5304 1220 5373 pater
1233 5298 1302 5356 filiis
1316 5304 1418 5358 notam
1437 5298 1514 5356 lacio
1533 5298 1687 5356 veritatem
1703 5302 1796 5355 tuam.

253 5380 315 5438 die·
1171 5387 1297 5444 Domine
1312 5388 1409 5445 salvos
1422 5403 1477 5443 nos
1492 5386 1538 5443 iac
1552 5404 1558 5442 :
1572 5392 1601 5443 et
1613 5386 1746 5459 psalmos
1759 5387 1880 5441 nostros
1899 5396 1967 5439 can·

290 5472 364 5527 Ecce
373 5469 518 5527 Dominus
533 5470 612 5527 Deus
625 5472 843 5533 nosteristeest
854 5475 1082 5553 expectabimus
1136 5474 1267 5532 labimus
1292 5476 1406 5533 cunctis
1432 5475 1539 5533 diebus
1556 5476 1613 5531 vite
1628 5480 1730 5532 nostre
1751 5474 1782 5531 in
1802 5473 1897 5530 domo
1911 5472 1968 5527 Do·

255 5572 336 5624 sum,
350 5561 378 5614 et
390 5558 514 5617 salvabit
526 5574 592 5619 nos.
1137 5563 1221 5624 mini.
