4117 6175
109 263 179 325 lose
645 268 1277 346 sanctourm—lsssrllmllltlltll.

105 391 215 467 spectu
228 389 348 450 Domini
365 406 372 449 :
387 394 420 449 Ρ.
434 393 467 454 lit
477 391 661 453 delectentur
673 394 823 453 lutetiae.
836 396 868 460 ir.
888 400 940 457 Sa·
955 400 979 458 lt
1102 400 1226 460 Excelsa
1240 401 1347 460 muudi
1360 389 1518 477 respuens,

104 481 156 540 lus
167 484 270 540 autem
280 479 433 553 iustorum
443 483 597 540 altemino
613 486 658 542 :et
669 487 818 557 protector
830 501 937 546 eorum

104 573 152 628 est
162 570 196 628 iu
209 574 344 644 tempore
372 569 584 629 tribulationis.
605 573 634 630 P.
650 575 685 630 lit
695 571 889 634 delectentur.
905 577 937 638 ll.

103 659 215 719 Gloria.
232 663 263 717 P.
283 663 318 718 iit
335 658 529 719 delectentur.

143 750 257 810 Oratio.
264 751 410 810 Memento
423 751 530 816 nostri,
539 751 663 810 Domine
675 769 683 823 ;
697 756 727 812 et
740 752 938 812 sicutsauetis
995 821 1000 834 ‚

106 841 166 900 tuis
178 839 529 899 luliuuoetBasilissreet
540 840 703 901 mullibus
721 841 788 914 ejus
800 843 937 916 martyrii

104 930 200 1001 digua
212 928 339 1003 prumia
351 928 465 998 reddis;
482 929 523 987 ita
535 929 646 987 uostris
655 945 746 1005 parce
755 935 785 989 ct
795 931 937 991 miserere

106 1017 239 1093 peccatis
253 1035 261 1076 :
277 1022 312 1076 ut
324 1017 455 1077 absoluti
465 1017 503 1077 de
510 1019 678 1092 preteritis,
687 1034 860 1080 mercemur
869 1037 935 1080 cus·
993 1093 1000 1102 ·

104 1108 221 1168 lodium
234 1108 273 1166 de
287 1106 404 1166 tuturis.
421 1119 453 1180 p.
473 1112 588 1167 Amen..

139 1198 195 1256 Per
207 1196 455 1256 misericerdiam.

140 1287 310 1361 sospem
323 1291 349 1346 3.
360 1286 436 1344 lusti
457 1291 656 1362 susceperuut
670 1291 809 1355 mortem,
825 1290 858 1347 ut
870 1304 932 1346 non

100 1374 428 1444 contunderentur,sed
439 1375 597 1435 contortati
612 1380 692 1444 sunt,
707 1378 741 1434 ut
750 1391 933 1450 uonpraeva·
992 1446 996 1455 .

97 1466 457 1524 ricarenttestamenlum
482 1469 640 1524 sanctum:
658 1465 692 1525 P.
708 1468 742 1523 lit
767 1465 931 1540 lucaman·

100 1560 150 1612 tur
163 1568 269 1626 omues
280 1558 534 1628 propterregnum
548 1554 677 1623 Domini,
693 1559 723 1614 et
734 1558 857 1629 propter
870 1559 929 1612 tes·

101 1648 270 1703 lamentum
284 1648 406 1718 patrum
420 1648 603 1702 nostrorum.
615 1643 651 1706 il.
664 1643 770 1701 Adime
787 1643 928 1718 multipli-

99 1732 414 1790 cabunturinsanecla
428 1732 513 1790 uberi
523 1752 531 1795 ε
542 1737 572 1790 et
582 1732 660 1791 bene
673 1731 822 1808 pellentes
831 1741 927 1792 erunt.
943 1749 966 1806 B

100 1824 132 1878 Ρ.
149 1824 182 1878 lit
192 1820 402 1896 loquebantur.
421 1821 453 1884 il.
471 1821 583 1890 Gloria,
610 1822 761 1882 othonor.
780 1823 809 1877 P.
826 1825 861 1880 let
884 1823 929 1880 lo·
990 1890 998 1907 '

99 1910 282 1984 quebautur.

137 1998 251 2060 Oratio.
264 2000 348 2066 licce.
371 1997 504 2065 llomine,
533 1999 615 2057 clara
635 2002 679 2057 est
705 2015 772 2072 vox,
789 2015 858 2075 quea
871 2015 928 2059 uos

98 2087 204 2146 invitat
217 2085 258 2146 ad
271 2086 507 2155 conviviumst
521 2087 560 2147 ad
573 2087 719 2160 gaudium
738 2089 926 2160 Sanctorum,

98 2177 153 2235 ubi
166 2176 324 2251 epulantur
335 2191 441 2235 omnes
454 2175 544 2234 amici
563 2177 606 2234 tui
622 2195 629 2234 ι
645 2175 872 2234 concadenobis
884 2176 927 2235 tn·

99 2265 271 2334 mulistuis,
285 2282 472 2340 quaesumus,
502 2265 642 2324 affectum
667 2270 725 2324 tune
746 2265 924 2333 dilectionis,

98 2355 153 2430 qui
167 2371 223 2413 uos
248 2355 289 2414 ad
311 2371 440 2428 superne
467 2355 607 2414 adtrahat
621 2371 628 2422 ;
642 2361 733 2430 atque
757 2355 926 2414 interventu
956 2331 980 2364 ¹

94 2449 267 2518 martyrum
280 2449 402 2504 tuorum
412 2445 558 2504 tulianiet
570 2445 719 2503 Comitum
732 2445 809 2517 ejus,
824 2459 926 2513 snper-

97 2549 141 2592 ue
155 2550 279 2592 munera
287 2534 610 2609 conquisili‚peripsoa
622 2533 773 2593 introduci
793 2533 833 2592 nd
854 2535 926 2593 San·

100 2628 219 2682 elerum
228 2627 342 2682 caterua
365 2623 561 2682 tabernacula
575 2638 756 2682 mercamur.
769 2633 804 2694 p.
820 2628 924 2680 amau.

137 2712 194 2772 Per
217 2712 466 2772 misericordiam.

136 2814 170 2874 ra.
182 2801 241 2860 viri
252 2802 451 2870 sauoli,robis
464 2805 587 2876 apertus
600 2804 646 2859 est
658 2799 831 2875 paradisus,
842 2799 927 2874 plau·

99 2896 162 2950 lata
176 2890 315 2950 eslarbor
328 2891 405 2962 rita,
416 2889 841 2966 preparataestabuudsutie
852 2887 927 2946 ndi·

98 2980 190 3038 licata
202 2985 247 3038 est
262 2981 376 3048 ciuitas,
391 2981 514 3039 iuventa
527 2984 572 3039 est
590 2978 721 3054 requies,
734 2978 766 3035 P.
794 2976 926 3034 Perlecta

98 3069 292 3139 autcharitas,
304 3069 487 3129 iufirmitasa
499 3068 583 3128 robis
597 3066 728 3127 uincta
740 3071 794 3127 ast.
804 3065 926 3125 Dolores
940 3101 961 3159 c

97 3139 416 3222 consumentem
430 3174 526 3235 quam
540 3156 926 3232 bonnm,etquam10cun·

96 3248 174 3305 dum
185 3247 320 3307 habitare
333 3248 440 3307 iratam
454 3249 486 3306 in
500 3263 607 3307 uuum
620 3247 653 3305 P.
680 3245 811 3304 Perfecta
824 3248 882 3304 est.
890 3243 925 3306 il.

97 3336 207 3403 Gloria,
223 3340 253 3395 et
264 3336 371 3412 honor.
387 3339 417 3395 Ρ.
431 3335 562 3395 Perfecta
585 3340 639 3395 eet.

134 3424 923 3493 Oruticlriuitasveraindinisaffleussnmmeetune,
986 3482 991 3490 ,

96 3517 128 3572 et
141 3514 293 3590 trine,qui
306 3514 459 3589 perparvi
471 3514 614 3589 temporis
630 3512 863 3580 tribulationem,
878 3510 925 3569 rel

95 3602 138 3660 ad
150 3599 287 3677 requiem
296 3609 441 3662 aeternam
453 3602 677 3676 irepromittis;
698 3605 809 3676 presta
836 3599 924 3657 uobis

95 3689 924 3767 perinteroessnmsanctorumtuliauietsociorumejus
989 3752 994 3759 ,

98 3786 280 3855 martyrum,
292 3787 326 3840 ut
338 3781 445 3855 spiritu
452 3779 653 3847 emundemus,
664 3782 694 3837 et
701 3778 852 3839 desideria
860 3792 924 3835 car·

94 3869 215 3929 nisuon
230 3868 442 3944 perticiamns3
461 3872 490 3928 et
504 3868 547 3926 sie
574 3872 712 3943 mentes
733 3871 853 3927 nostros
880 3880 925 3923 re·

95 3959 280 4032 mundemus,
298 3964 331 4017 ut
345 3976 364 4018 a
378 3962 406 4017 te
418 3974 480 4017 nou
492 3956 670 4017 recedemus
690 3974 698 4024 3
712 3961 755 4025 ut,
771 3956 846 4013 dum
856 3954 926 4012 cha·

91 4047 168 4105 ritas
181 4052 243 4115 tun,
255 4064 324 4123 qun
336 4049 406 4107 data
420 4052 528 4123 estper
537 4046 681 4120 Spiritum
692 4046 846 4109 Sanctum,
860 4042 925 4101 etin

92 4135 585 4206 nostrisditiuderiteordibus,tuis
602 4134 775 4193 inherendo
782 4130 923 4203 vestigiis,

91 4240 285 4283 coronemur.
300 4237 334 4299 lt.
351 4228 457 4283 Amen.

129 4315 447 4373 Permiserioordinm.

398 4405 436 4462 la
456 4402 621 4463 Laudibus.

130 4492 534 4564 acuminumnnctptoan.
546 4492 706 4563 [illigantes
725 4494 763 4561 te,
789 4493 924 4557 ltorurue,

89 4581 225 4639 siontsol
238 4581 269 4639 in
283 4586 346 4639 orta
360 4598 416 4639 suo
429 4580 637 4656 resplendens,
658 4580 701 4637 ita
718 4577 852 4638 rutilant.

127 4670 353 4739 commumoni
361 4674 468 4744 sponte
478 4668 749 4737 catalaunorum
756 4665 813 4740 fol.
823 4666 923 4725 oaxrir.

1101 493 1207 548 Arcem
1222 494 1322 549 tenero
1337 490 1404 548 suu
1417 490 1497 551 cell.

1135 579 1293 637 iubetura
1310 579 1484 640 Parentibus

1099 667 1239 743 Accipere
1265 667 1462 740 conjuginm:

1097 757 1156 814 Nec
1170 757 1250 830 petri
1262 755 1318 816 fuit
1340 757 1459 827 obvius,

1098 846 1156 903 ileo
1166 848 1226 903 lieo
1239 849 1338 904 mente
1353 846 1497 920 pertidus.

1133 935 1274 994 consultu
1288 934 1363 994 lucis
1372 937 1511 1004 Auctore,

1096 1026 1183 1082 tussa
1200 1023 1350 1100 complere
1375 1027 1531 1100 suggerit:

1096 1114 1192 1170 Lectus
1201 1116 1285 1187 pater
1297 1112 1458 1183 inducitur,

1058 1283 1060 1286 Ι
1095 1201 1292 1276 Besffissaque
1315 1203 1460 1278 poscitur.

1128 1292 1298 1362 iunguntur
1309 1290 1370 1348 lide
1383 1306 1537 1367 compares
1554 1311 1561 1352 ι

1093 1381 1192 1450 agunt
1204 1379 1340 1438 coelcstes
1363 1381 1510 1455 nuptias:

1093 1467 1152 1526 Sed
1162 1466 1203 1525 illi
1217 1468 1439 1542 cordisorgano

1091 1555 1223 1616 lienibus
1236 1558 1283 1616 uri
1298 1558 1466 1633 postulant.

1126 1649 1273 1705 intrantes
1298 1647 1330 1704 iu
1355 1646 1492 1706 cubiculo

1091 1734 1171 1796 Odor
1201 1750 1341 1794 resarum
1355 1733 1541 1794 infunditur:

1090 1823 1336 1896 Consentitrirgo
1359 1825 1511 1896 integrum

1089 1915 1214 1970 Servare
1248 1911 1490 1994 contubernium.

1124 2000 1180 2068 Qui
1201 2006 1307 2074 captus
1329 1999 1493 2060 eudochia

1089 2089 1152 2146 Sub
1163 2088 1311 2149 ilaroiano
1335 2087 1473 2162 preside.

1087 2180 1252 2252 torquetur
1267 2177 1413 2236 membris
1432 2178 1585 2246 omnibns,

1079 2255 1259 2324 'Extinctum
1275 2272 1368 2324 norat
1391 2265 1525 2326 oculum.

1124 2357 1189 2423 Quo
1203 2355 1394 2429 deprecante,
1410 2355 1527 2430 persida

1090 2447 1197 2504 liveraa
1209 2449 1279 2504 eunt
1301 2451 1330 2502 et
1343 2433 1435 2504 idola.¹

1089 2532 1525 2609 [oxor]llesurgitrtuaetnsiua,

1089 2623 1256 2680 Conversus
1271 2625 1316 2680 est
1331 2625 1361 2678 et
1376 2620 1500 2680 celsius.

1125 2712 1226 2787 Cupas
1239 2709 1366 2784 implent
1380 2709 1522 2774 incendii,

1089 2801 1214 2874 stuppa,
1226 2799 1303 2872 pice,
1320 2803 1349 2856 et
1375 2797 1540 2856 bitumine:
1630 2869 1632 2878 .

1066 2933 1071 2968 2
1087 2887 1182 2946 lnlaesi
1195 2891 1225 2947 et
1236 2888 1307 2946 hinc
1317 2891 1427 2946 meunt

1087 2977 1253 3052 Actempla
1266 2993 1373 3036 eversa
1396 2975 1523 3036 diluunt.

1121 3066 1259 3144 Adquirit
1279 3071 1402 3127 ldalrem
1415 3067 1491 3126 Puer
1506 3085 1513 3126 :

1088 3160 1131 3219 lit
1144 3158 1233 3239 Filius
1251 3158 1335 3217 Pater
1349 3157 1447 3217 lintris
1461 3173 1469 3213 r

1087 3248 1233 3307 secundm
1245 3248 1415 3307 Natiuitatis
1575 3316 1579 3325 Ι

1087 3336 1176 3395 iilius
1193 3338 1316 3397 llatrem
1338 3338 1505 3406 regenerat.
1599 3404 1601 3410 Ι

1122 3422 1472 3498 ltissusinlruplriteatro

1087 3512 1200 3581 Boudia
1217 3510 1332 3586 pardus
1347 3511 1395 3569 leo
1409 3509 1586 3571 blanditur:

1087 3606 1120 3663 lit
1131 3601 1365 3677 percussusinde
1379 3600 1521 3669 vulnere;

1085 3695 1199 3766 llaptus
1215 3704 1284 3750 arca
1302 3693 1346 3748 est
1368 3688 1399 3747 in
1412 3689 1517 3761 gloria.

1087 3780 1147 3839 Deo
1159 3778 1237 3837 Patri
1251 3778 1290 3835 sit
1299 3777 1410 3851 gloria,

1086 3867 1216 3941 Eiusque
1231 3863 1287 3923 soli
1314 3864 1395 3931 Filio,

1086 3957 1195 4014 Sancto
1210 3953 1298 4013 simul
1311 3953 1467 4026 Paraclyto

1085 4046 1118 4103 ln
1133 4044 1315 4118 sempiterna
1327 4041 1450 4101 sucula.

1080 4206 1083 4217 Ι
1130 4133 1235 4217 Amen.

1014 4239 1208 4312 snpplicatio.
1225 4240 1360 4299 oremus.
1375 4239 1433 4310 sot.
1449 4253 1594 4311 cuxxxvrr.

988 4380 996 4396 ·
1016 4347 1168 4420 cupiente.
1180 4344 1307 4403 uomina
1319 4348 1388 4403 lesu
1407 4344 1532 4412 Christe,
1544 4345 1597 4419 qui
1611 4343 1763 4402 lulianum
1775 4349 1805 4403 et

766 4452 768 4457 ·
866 4488 871 4500 ,
942 4434 1155 4509 nBasilissam
1169 4434 1211 4492 ita
1223 4435 1325 4506 gratiae
1337 4434 1507 4506 turnopibus
1518 4434 1715 4505 praemunisti,
1726 4434 1809 4490 utsic

980 4522 1142 4598 spiritualis
1152 4522 1285 4594 conjugii
1306 4521 1416 4595 copula
1432 4525 1629 4590 necterentur,
1656 4536 1694 4577 ne
1708 4521 1806 4577 carnis

980 4611 1195 4671 commixtione
1218 4610 1369 4669 assateuus
1390 4610 1614 4667 miscerentur:
1637 4610 1670 4665 tu
1697 4622 1754 4663 uos
1767 4606 1808 4663 ad

980 4715 1086 4761 eorum
1096 4699 1268 4773 exemplum
1283 4698 1397 4758 allicias
1419 4698 1604 4758 castimoniae
1615 4695 1769 4760 sublimes,
1781 4700 1810 4753 el

130 4758 178 4816 Μ
189 4756 710 4861 Wmm‘mipm‘sanm
723 4756 853 4858 h¹3¹f¹ss⁰⁵
862 4770 927 4855 ⁰⁰¹?
981 4792 1013 4849 in
1026 4788 1179 4863 diligendo
1194 4792 1233 4858 te,
1242 4787 1465 4847 fervoresaueti
1477 4786 1605 4861 spiritns
1613 4782 1784 4857 coequales
1799 4800 1806 4840 ε

89 4848 145 4919 ‘¹⁰'
158 4850 281 4922 §mmm
294 4852 323 4905 οἱ
343 4864 453 4907 amm
464 4850 628 4913 'amum'
650 4846 818 4905 mmm
829 4845 929 4901 ΒΜ·
981 4884 1012 4939 et
1022 4879 1098 4937 slent
1111 4875 1368 4937 illoeeliceistitibi
1379 4891 1454 4934 vasa
1464 4871 1677 4940 mundissima,
1689 4868 1733 4925 sic
1745 4884 1808 4927 car·

88 4950 181 4996 num·
214 5026 220 5038 Ι
412 5025 417 5037 ,
638 5024 643 5035 ,
981 4968 1043 5027 uali
1055 4968 1087 5025 in
1101 4966 1189 5025 uobis
1201 4965 1355 5039 voluptate
1369 4964 1494 5028 devicta,
1506 4960 1652 5034 plurimus
1666 4956 1805 5031 exemplo

129 5025 298 5084 Melicum.
311 5026 485 5084 Benedictus
512 5040 545 5083 es
558 5024 696 5083 Domine.
721 5023 820 5080 reto.
841 5022 925 5121 ione.
981 5072 1085 5117 mum
1101 5056 1250 5115 amadus
1271 5053 1310 5111 ad
1329 5051 1576 5121 mmmm,

89 5115 148 5173 Via
157 5115 463 5189 justorumiactaest.
477 5115 598 5174 Mada.
615 5113 748 5172 laudate
764 5110 925 5169 Dominum

89 5204 133 5261 de
150 5202 373 5265 cmlisdlleluia.
386 5204 522 5264 Prntmus
531 5219 641 5265 murro.
656 5200 926 5276 propiciatus>
1017 5162 1105 5221 puer
1122 5160 1232 5221 mser·
1260 5158 1389 5217 Libemi
1415 5154 1534 5215 amm·
1548 5154 1602 5229 W·
1614 5158 1644 5215 2·

87 5308 164 5352 rum
175 5293 285 5351 auimre
297 5292 330 5369 in
344 5308 438 5351 mauu
463 5294 514 5351 Del
535 5298 618 5366 aunt,
632 5292 922 5364 Quarefolmuxrn.
988 5270 994 5285 ’
1016 5268 1133 5328 Luudc.
1154 5253 1537 5341 Giuffiumissmliiiflmum·
1550 5262 1808 5335 (tumim-mn·

436 5384 586 5454 Hymnus.
981 5376 1155 5435 Benedictio.
1169 5374 1300 5433 Christus
1313 5372 1471 5441 Dominus,
1490 5369 1543 5447 qui
1552 5370 1628 5431 iuter
1642 5368 1807 5427 lulianum.

982 5464 1088 5537 onere
1096 5465 1155 5538 sol.
1169 5466 1326 5523 ccxxxviii.

1016 5556 1051 5617 lu
1063 5554 1186 5641 nomine
1200 5552 1321 5614 Domini
1342 5554 1398 5615 elo·

238 5469 351 5529 tuliani
366 5472 428 5531 vita
448 5473 589 5545 martyris

240 5562 351 5620 Amore
364 5559 476 5622 Christi
495 5559 606 5619 nubilis
