4117 6175
224 268 281 355 aas
852 256 1296 349 ιιιιιιιιιιιιιιιιιιιιιιιιι.
1873 276 1927 345 ιιι

287 406 325 473 ili
341 399 466 472 murlo
484 405 653 472 boemico
673 402 971 482 corbeiensium.
1065 393 1088 463 i
1102 404 1184 469 mltis
1197 407 1292 485 dirige
1307 425 1315 471 ι
1338 418 1391 489 per
1412 411 1441 472 ie
1458 409 1533 471 lucie
1548 410 1738 473 inveniamus
1755 411 1856 481 viarm
1872 418 1927 486 per

527 496 575 558 Ad
597 502 754 574 vesperum
1102 496 1290 560 telumlnosa
1309 502 1420 560 amoris
1441 500 1483 559 iul
1503 500 1662 575 capiamus
1675 500 1829 559 incendia:
1841 502 1873 558 tu
1885 499 1926 557 lc·

261 584 376 651 muca.
400 588 566 649 sacrificate
599 590 779 649 sacrificium
797 587 1000 665 vespertinum
1013 581 1047 644 P.
1101 586 1225 645 boribus
1235 590 1378 663 requiem,
1392 595 1423 648 tu
1445 590 1654 648 laborantibus
1678 590 1774 647 tribue
1796 588 1926 647 mansio·

227 678 261 739 nt
274 684 388 755 sperate
397 678 615 737 fillihominum
627 680 659 738 in
668 680 806 739 Domino,
820 672 1049 742 i.Confltemini
1101 688 1171 733 nem
1183 695 1191 746 3
1205 680 1236 735 ui
1248 679 1356 736 borum
1364 678 1482 737 dierum
1494 678 1704 737 observatione
1723 678 1776 736 tibi
1805 677 1924 752 placen·

225 768 363 841 Domino,
376 770 404 825 et
415 770 551 827 invocate
559 768 755 843 nomenejus.
768 764 802 827 Ρ.
813 762 848 826 Et
859 767 988 842 sperate.
1101 764 1155 833 tes,
1176 762 1277 837 gloria
1290 770 1348 826 tum
1360 779 1530 827 mereamur
1541 782 1606 826 esse
1617 766 1790 842 participes.

259 854 403 912 Dominus
413 854 458 913 sit.
472 866 507 929 ιι.
524 856 558 914 lit
576 871 655 914 oum.
1136 853 1337 915 Paternosier.

258 944 446 1014 Antiphone.
465 947 686 1004 Perscrutemur
699 944 765 1004 vles
776 942 904 1014 Domini,
918 944 947 999 ai
960 937 1046 998 inler-
1136 940 1297 1003 llumiliaie
1309 954 1364 1003 vos
1373 942 1584 1005 benedictioni.

222 1044 363 1104 rogemus
373 1030 464 1090 corda
477 1036 589 1103 noenu,
603 1032 630 1091 si
643 1048 707 1092 non
721 1033 791 1091 suni
802 1030 943 1105 duplicia.
957 1030 998 1087 P.
1013 1027 1048 1087 lii
1136 1028 1281 1089 Dominus
1295 1032 1340 1092 sli.
1357 1043 1389 1107 ιι.
1405 1034 1438 1093 lii
1450 1048 1519 1092 cum
1535 1032 1641 1109 splrlin
1650 1036 1713 1093 tuo.

223 1117 385 1177 sicstemus
408 1126 477 1178 ante
488 1120 596 1180 faciem
612 1120 663 1181 Dei
677 1122 792 1181 mundo
819 1120 918 1189 corde,
932 1122 961 1177 et
983 1128 1047 1176 uon
1137 1116 1311 1179 Benedictio.
1323 1120 1923 1194 christusDeililiuslaboresvesirospro-

222 1206 382 1281 bilingues.
400 1208 434 1274 il.
449 1211 525 1278 Quia
547 1226 609 1269 non
631 1210 753 1286 repellet
765 1210 910 1269 Dominus
925 1207 1046 1285 plebem
1099 1202 1221 1280 pilatus
1234 1210 1367 1285 aspiciat,
1382 1212 1410 1269 ei
1424 1210 1522 1271 cordis
1546 1210 1638 1269 vestri
1655 1209 1793 1269 tenebras
1818 1208 1924 1267 illumi·

224 1310 331 1365 suam;
348 1300 376 1354 ei
395 1296 590 1358 hereditatem
612 1316 699 1359 suam
725 1314 788 1357 non
800 1298 994 1372 derelinquet.
1008 1290 1044 1354 Ρ.
1098 1296 1202 1353 nendo
1215 1298 1402 1357 submoveat.
1418 1312 1451 1372 ιι.
1464 1305 1570 1358 Amen.
1592 1302 1625 1357 lu
1635 1299 1786 1358 mandatis
1803 1311 1924 1373 quoque

222 1384 256 1441 Et
269 1385 311 1441 slc
327 1389 451 1441 stemus.
1097 1381 1175 1439 illius
1185 1385 1226 1442 ita
1236 1386 1291 1443 viee
1304 1392 1407 1444 vestrae
1417 1388 1539 1445 feliciter
1548 1386 1724 1458 dirigantur,
1739 1390 1771 1444 ut
1782 1384 1926 1459 iustifica-

258 1471 403 1526 Dominus
417 1470 464 1527 sit.
481 1480 513 1543 lp.
525 1474 558 1527 lli
567 1481 646 1527 cnm.
1098 1460 1213 1525 itonam
1221 1472 1461 1543 ejusmereantur
1471 1488 1589 1547 semper
1602 1475 1736 1532 obtinere
1743 1478 1925 1545 proventum

255 1554 370 1615 Medo.
381 1556 1042 1632 Bonummihiesiquodhumlliastime,Deus,
1097 1566 1129 1628 ιι.
1145 1560 1250 1617 emen.
1266 1560 1329 1627 Duo
1348 1562 1377 1617 ei
1398 1576 1521 1619 cursum
1535 1563 1624 1620 vestri
1640 1561 1752 1619 laboris
1770 1551 1921 1634 propitius

220 1645 254 1699 ui
271 1642 389 1701 discam
400 1644 627 1717 justificationes
641 1648 719 1704 tuas.
734 1646 771 1703 P.
780 1647 895 1703 Bonum
909 1640 982 1702 mihi
994 1640 1043 1701 lert
1096 1646 1226 1718 adjuvet,
1238 1651 1267 1703 et
1280 1648 1420 1707 ooecitatis
1433 1654 1542 1708 vestroe
1556 1650 1694 1708 tenebras
1717 1648 1875 1706 miseratus
1889 1646 1924 1705 ll-

221 1733 282 1790 oris
297 1734 349 1801 tui,
370 1734 552 1807 supermilia
565 1731 631 1792 auri
645 1737 674 1792 et
692 1732 816 1805 argenti.
829 1734 860 1796 i.
878 1733 1042 1791 bonitatem
1059 1728 1207 1812 plustrei.
1221 1744 1255 1807 lp.
1268 1738 1372 1794 amen.

219 1818 314 1878 iecisti
326 1833 395 1881 eum
412 1836 498 1881 servo
511 1826 564 1881 tuo
580 1823 724 1886 Domine:
743 1819 1044 1881 secundamverbum
1130 1820 1192 1878 Per,

220 1907 315 1967 mum.
328 1907 361 1968 P.
381 1907 511 1969 Bonum.
1130 1906 1276 1967 Dominus
1289 1912 1335 1969 slt.
1352 1922 1384 1984 ιι.
1404 1910 1438 1970 Di
1447 1924 1517 1969 cunr
1526 1910 1641 1985 spinule
1654 1914 1718 1971 ino.

555 1997 704 2073 Hymnus.
1130 1996 1246 2056 ucoca.
1260 1998 1409 2058 Delecltin
1423 2002 1545 2059 salutari
1554 2004 1605 2059 tao
1619 2000 1818 2060 animemed:
1833 2000 1866 2059 P.
1888 1995 1922 2061 Di

343 2084 619 2157 Christelmmenss,
633 2087 809 2149 Dominaior
822 2092 933 2156 sancte,
1095 2085 1126 2142 ln
1138 2084 1230 2144 verbo
1248 2090 1299 2145 tuo
1315 2090 1447 2162 speravi,
1457 2088 1591 2147 Domine.
1606 2088 1641 2153 t.
1657 2085 1831 2147 Defecerant
1843 2088 1922 2148 ocull

307 2171 430 2232 Custodi
442 2172 571 2251 plebem,
585 2191 678 2251 quem
688 2182 721 2236 tu
729 2176 882 2237 redemisti
1095 2174 1155 2231 mei
1169 2176 1200 2231 in
1211 2176 1363 2251 eloquium
1375 2182 1470 2245 tuum,
1480 2178 1613 2236 dicentes
1629 2175 1919 2248 ;0uendoconsola·

307 2262 457 2337 Sanguine
471 2278 556 2325 sacro
570 2270 623 2323 tuo
635 2268 764 2339 pretioso
770 2285 781 2339 ;
1094 2261 1173 2319 beris
1183 2264 1290 2320 metP.
1302 2268 1335 2323 lli
1350 2266 1380 2323 in
1395 2262 1525 2330 verbor.
1540 2262 1647 2333 Gloria,
1661 2270 1689 2325 ei
1712 2268 1810 2325 honor
1831 2266 1919 2337 Patri,

461 2358 528 2428 lpse
540 2354 675 2413 salvasti.
1094 2352 1149 2407 eie.
1165 2346 1204 2409 Ρ.
1221 2349 1254 2409 lli
1265 2354 1297 2409 in
1308 2354 1412 2411 verbo.

341 2440 465 2499 OEaritas
477 2442 579 2516 fulget,
596 2441 800 2517 Dominusqite
810 2438 888 2510 leoli,
1130 2436 1242 2498 Oratio.
1258 2440 1406 2499 Deiecitln
1419 2442 1542 2501 salubri
1557 2446 1608 2501 tuo
1622 2442 1725 2502 animet
1735 2447 1846 2514 noeirs,
1857 2444 1921 2507 lDb-

305 2531 339 2585 ln
348 2530 491 2588 Bethania
504 2532 544 2589 ad
559 2533 705 2589 Lazarum
718 2532 809 2597 venii,
1093 2526 1188 2585 mine:
1201 2522 1350 2587 desiderio
1364 2526 1516 2589 indefesso
1539 2530 1678 2605 proficiat
1697 2530 1784 2606 215
1808 2531 1920 2591 exube-

305 2617 401 2683 Duem
415 2614 576 2688 suscitavit,
590 2624 619 2676 at
637 2616 767 2689 gloriam
776 2621 865 2677 suern·
1094 2614 1299 2687 ranllsgratiae
1321 2616 1414 2687 dono,
1426 2622 1606 2694 perceptura
1628 2620 1860 2679 censolationem
1887 2620 1920 2679 in

464 2705 667 2765 llaniiestavii.
1094 2704 1228 2775 praemio.
1243 2714 1275 2777 lp.
1287 2704 1391 2763 Amen.

339 2793 429 2850 llaria
442 2799 544 2853 autem
553 2793 635 2853 domi
646 2796 770 2863 scienta,
1128 2790 1530 2852 Permiserlcordlamtuam.

307 2880 404 2945 Quem
416 2880 595 2955 expectabat
606 2900 613 2939 :
626 2883 719 2955 pietas
728 2882 877 2940 immensa
1128 2878 1233 2937 Laudo
1246 2884 1272 2937 ι.
1288 2880 1455 2939 Dooiiaiem
1470 2882 1563 2941 iecisti
1572 2894 1640 2940 cum
1653 2888 1740 2941 servo
1754 2876 1806 2943 iuo
1819 2886 1919 2943 Domi-

304 2966 348 3023 1111
357 2970 495 3036 occurrit,
510 2970 746 3026 etannuniiavli.
1093 2978 1131 3021 ne
1143 2982 1150 3031 ;
1161 2968 1191 3026 P.
1220 2968 1391 3027 Secundum
1408 2970 1532 3028 verbum
1547 2976 1631 3028 tuum
1649 2972 1781 3043 Justlilea
1802 2984 1860 3030 me.
1885 2970 1919 3038 i.

466 3053 614 3129 sororque
624 3056 745 3115 llartha
1058 3093 1079 3152 C
1093 3052 1259 3113 bonitatem
1271 3056 1729 3126 lacisticumservotuo,Domine
1739 3078 1746 3117 ι
1755 3062 1921 3136 qulaman·

338 3139 581 3212 llaglsieradest.
602 3145 768 3201 Occurrunt
786 3148 914 3216 sorores,
1094 3143 1918 3212 datisiuiscredidi.P.Seoundum.i.Gloria.P.Sacundum.

302 3230 337 3287 lli
345 3228 579 3302 lachrymantes,
592 3231 742 3289 christum
752 3231 925 3289 confitentes
1130 3231 1239 3290 Oratio.
1268 3234 1432 3291 bonitatem
1455 3239 1484 3294 ei
1504 3235 1693 3310 disciplinam
1715 3242 1745 3296 et
1761 3240 1918 3298 scientiam

302 3315 352 3374 Sic
367 3322 548 3389 meruerunt,
561 3325 594 3376 ut
608 3318 744 3377 viderent
751 3319 876 3378 nauem
1094 3318 1169 3376 doce
1181 3335 1238 3378 nos
1248 3321 1371 3380 Domine
1381 3327 1429 3380 :ut
1440 3338 1496 3382 nec
1507 3325 1620 3383 malitia
1629 3339 1752 3400 asperos
1763 3345 1771 3388 :
1781 3327 1919 3386 neodesl·

465 3398 557 3464 Suum
570 3408 786 3478 resurgentem.
1092 3403 1143 3465 dia
1157 3407 1313 3466 remissos:
1330 3409 1916 3487 necstmnuareddatignavosaamen.

336 3489 383 3549 Ad
394 3497 624 3553 monumentum
639 3488 826 3554 exclamabat
834 3490 934 3555 iesus:
1126 3495 1271 3553 Psalmis.
1287 3497 1421 3555 liiscrere
1434 3499 1494 3556 mei
1509 3501 1585 3558 Deus
1614 3501 1701 3559 litiis
1724 3509 1792 3561 cum
1806 3501 1917 3563 illaria.

303 3581 409 3635 lazare
422 3583 500 3654 veni,
515 3583 719 3656 Dominusque
730 3588 838 3642 tecum.
1091 3583 1131 3639 Di
1145 3583 1243 3656 ilyrie,
1258 3582 1378 3643 eleison.
1392 3587 1517 3659 Christe,
1531 3587 1652 3648 eleison.
1671 3591 1771 3664 llyrle,
1790 3591 1913 3651 eleison.

300 3662 351 3721 ille
369 3668 504 3734 surrexit,
517 3672 546 3725 ei
558 3672 785 3728 omniscaierva
1126 3672 1213 3728 Pater
1222 3677 1337 3730 noster.
1352 3676 1386 3731 Ei
1400 3674 1437 3732 de
1447 3688 1513 3733 nos.
1744 3733 1745 3738 ,

462 3749 506 3809 ibi
516 3755 697 3814 convertitur
1125 3761 1241 3817 Preces.
1257 3761 1381 3820 Domine
1393 3763 1675 3836 misericordiarum,
1689 3763 1721 3823 P.
1736 3767 1917 3828 Dblltiscere

343 3839 376 3894 ln
392 3837 569 3898 Samarieut
580 3842 671 3900 homo
687 3844 787 3912 sitivit,
1090 3851 1373 3922 peceatanoscav.
1389 3853 1443 3919 Qui
1457 3853 1550 3910 vitam
1562 3853 1789 3921 mortuis,coecis
1799 3855 1915 3928 lumen,

303 3920 337 3980 lli
347 3924 463 3983 mulieri
472 3929 726 4000 peccatadimlslt,
1090 3937 1228 3994 auditum
1239 3938 1336 3994 surdis
1350 3939 1470 3998 dedisti.
1490 3943 1519 3997 Ρ.
1535 3941 1722 4001 obliviscere.
1737 3943 1769 4006 i.
1789 3945 1844 4012 Diti
1857 3960 1918 4004 mu·

302 4011 405 4070 Coecus
417 4013 497 4073 enim
511 4014 600 4074 unius
611 4017 714 4076 lumen
728 4033 876 4094 magnum
1090 4023 1126 4082 ils
1139 4023 1303 4098 eloquium,
1317 4028 1433 4086 claudis
1443 4043 1589 4100 gressum,
1604 4029 1732 4103 leprosis
1755 4035 1917 4092 sanitatem

460 4101 578 4162 viditln
593 4103 681 4164 Siloa.
1089 4110 1206 4171 dedisti.
1217 4113 1248 4169 P.
1258 4114 1447 4174 obliviscere.
1458 4118 1490 4180 i.
1505 4119 1559 4185 Qui
1572 4119 1697 4190 injurias
1716 4121 1817 4179 carnis
1846 4133 1918 4180 nos-

336 4191 368 4246 ln
388 4190 525 4250 Samaria
534 4191 603 4251 iecit
617 4194 802 4262 confitentes,
1089 4203 1141 4256 troe
1153 4198 1184 4257 ln
1199 4205 1251 4259 tuo
1265 4218 1390 4276 corpore
1396 4206 1552 4279 pertulisti.
1569 4207 1601 4264 P.
1616 4207 1803 4266 obliviscere.

300 4273 333 4332 ln
356 4274 498 4338 Bethania
507 4273 650 4339 Lazarum
663 4287 846 4356 surgentem,
1126 4289 1237 4345 Oratio.
1248 4291 1682 4353 Exaudiorationemnosiram.
1696 4295 1751 4368 roi.
1768 4298 1827 4356 lae.

300 4363 411 4424 surdos
426 4368 592 4434 audientes,
604 4371 633 4425 et
645 4374 746 4427 mutos
759 4371 926 4444 loquentes,
1376 4380 1424 4436 Ad
1435 4379 1630 4440 Matutinum.

461 4457 541 4521 Quos
556 4455 696 4513 visliavii.
1049 4429 1073 4487 Β
1122 4462 1267 4534 Hymnus.
1290 4467 1406 4523 AEterne
1426 4481 1527 4525 rerum
1541 4470 1694 4529 Conditor.
1713 4473 1770 4544 sol.
1785 4477 1812 4531 3.

331 4538 429 4599 Gloria
442 4539 531 4612 Petri,
542 4538 630 4599 'irino
643 4542 831 4617 sempiterno
1124 4549 1764 4633 orctDAEiernumieDominum‚rerumque
1772 4560 1915 4620 omnium

298 4626 395 4686 Gloria
410 4627 534 4694 Christo,
551 4628 731 4702 spirituique
746 4631 872 4690 sancto:
1087 4637 1282 4705 conditorem,
1298 4647 1476 4699 cunctorum
1485 4659 1544 4701 vox
1558 4645 1638 4702 canit
1651 4645 1794 4719 lidellum,
1810 4647 1863 4722 qni
1884 4655 1915 4708 et

296 4713 566 4774 PraedlcetTrinum
578 4715 629 4788 pia
640 4731 835 4777 voconomen
1087 4729 1184 4783 certos
1198 4723 1306 4784 limites
1315 4727 1395 4800 figis,
1412 4733 1553 4802 etmeies,
1565 4732 1677 4804 quibus
1699 4749 1760 4792 nox
1775 4748 1912 4796 secerna-

464 4807 559 4863 Dmne
573 4813 627 4879 per
640 4820 748 4865 sevum.
1086 4816 1135 4868 tur
1148 4817 1177 4869 et
1185 4813 1258 4881 dies,
1270 4818 1380 4874 aeterna
1393 4816 1458 4889 lega
1468 4819 1638 4876 constituis:
1657 4821 1788 4894 abyssus
1801 4825 1913 4883 atenim

244 4890 391 4960 tuamen.
1087 4901 1235 4974 sapientiae
1256 4907 1324 4975 tua,
1341 4907 1373 4961 ut
1387 4905 1558 4964 mortalium
1582 4907 1721 4968 allevaret
1745 4909 1911 4982 fastidiunt,

245 4977 796 5056 Supplicccoocsmusassumptorem
810 4985 926 5055 mundi,
940 4995 995 5047 eto.
1086 4986 1170 5045 aliud
1183 4989 1279 5048 labori
1292 4993 1448 5064 concessit,
1464 4993 1547 5052 aliud
1560 4995 1652 5069 quieti
1660 4999 1801 5058 servavit:
1820 5003 1913 5058 Press-

245 5062 502 5133 capitulatione
511 5083 591 5128 nune
600 5073 741 5131 etdeoimi
750 5072 1031 5135 dieidenosirorum
1084 5078 1124 5142 ta,
1141 5092 1221 5149 ergo,
1234 5080 1425 5153 omnipotens
1439 5081 1527 5149 Deus,
1540 5087 1573 5140 ui
1586 5095 1672 5140 mens
1694 5096 1775 5157 aegra
1789 5091 1912 5161 copule,

207 5145 1029 5233 dierumdecimiscurriculojamperacto‚adtalevamus
1084 5163 1247 5236 dumgallo
1260 5173 1392 5234 canente,
1409 5169 1595 5238 admonetur,
1620 5171 1756 5231 alacnter
1776 5183 1913 5244 current,

207 5241 447 5308 oculosnosiroe,
463 5239 595 5312 Domine,
610 5247 662 5318 qui
677 5245 796 5306 habites
807 5250 838 5306 in
860 5251 961 5320 coells,·
975 5253 1030 5311 lm·
1085 5253 1123 5310 ad
1134 5255 1323 5324 spemredeai
1334 5255 1417 5320 lucis,
1431 5259 1459 5312 ei
1474 5258 1618 5328 prlmltlas
1644 5260 1864 5322 diurnllaboris
1880 5265 1915 5323 ln

204 5325 417 5400 pendejamei
437 5326 675 5389 misericordiam
687 5337 812 5402 missale,
833 5342 862 5395 et
880 5339 1030 5398 medelam
1084 5340 1142 5396 tuis
1156 5343 1439 5414 sempcrlmpendai
1452 5345 1571 5405 officiis.
1589 5354 1621 5420 ιι.
1635 5349 1743 5408 Amori.

206 5412 1030 5498 porrigevulneratis.ldnoblsadgressumiterplaoidum
1122 5427 1175 5483 Per
1186 5427 1430 5488 misericordiam.

208 5497 306 5558 effice:
324 5505 357 5560 iu
370 5517 421 5563 cor
431 5505 607 5566 amunmia
619 5506 832 5567 marmorata
851 5510 971 5570 inoliillr
983 5528 1029 5572 se·
1119 5513 1294 5587 acceptorio
1305 5519 1328 5576 l.
1338 5517 1463 5579 Domine
1481 5521 1534 5596 qul
1553 5523 1742 5600 multiplicati
1764 5505 1842 5599 iuni,
1856 5529 1911 5602 qui
