4117 6175
266 196 322 253 ess
898 177 1344 244 emvtsmuuaoruicuu.
1898 188 1943 245 aa

268 318 413 378 Dominus
430 318 463 375 in
476 315 670 377 hereditatem
693 314 760 373 sibi.
778 315 816 373 P.
838 306 1134 385 accepsemas
1183 303 1374 376 Supplicctio.
1389 308 1513 364 oremus
1534 305 1726 371 immensam,
1742 308 1769 361 et
1788 303 1944 368 ineffabilem

269 405 379 465 Gloria,
398 408 438 465 p,
451 397 500 463 Et,
1148 392 1318 451 Trinitatem
1331 395 1437 462 Patris,
1453 400 1482 452 et
1495 394 1568 461 Filii,
1582 400 1611 450 et
1624 394 1744 465 Spiritus
1758 395 1846 452 saneti
1858 414 1865 450 .·
1879 404 1904 453 ut
1914 399 1945 454 ri·
2011 404 2012 459 l

303 496 458 552 Dominus.
475 506 507 565 tp.
524 496 557 550 Et
570 509 652 550 curn.
1149 486 1355 542 tatnnostram
1366 482 1945 558 iubouisoperibusdirigat,elposthujus

304 582 443 641 11111113.
460 582 603 655 Spiritum
617 586 703 638 tuum
712 580 818 637 dedisti
831 580 885 649 eis,
897 576 1032 641 Domine,
1044 571 1097 646 qui
1151 570 1251 626 secuti
1260 574 1427 640 transitum,
1439 579 1582 629 aeternam
1590 572 1721 645 requiem
1732 573 1885 644 cumjustis
1892 590 1945 633 ceu-

268 671 390 729 doceret
402 687 452 728 eos
468 675 517 728 :et
530 672 636 729 Manna
649 685 710 728 non
721 669 844 742 privasti
860 667 899 723 ab
917 681 969 723 ore
980 678 1094 721 eorum.
1150 660 1244 717 cedat.
1259 672 1291 731 tp.
1306 664 1411 718 Praesta
1425 660 1542 717 AEterne
1554 660 1746 733 Omnipotens
1760 662 1844 719 Deus.

268 760 305 816 P.
320 762 355 816 itt
368 774 480 832 aquam
493 758 600 815 dedisti
614 758 659 815 eis
670 757 768 815 insiti.
781 754 915 813 Alleluia.
929 754 961 815 11.
974 751 1097 809 Domine
1186 748 1274 821 Kyrie
1289 750 1413 808 eleison.
1433 761 1465 821 tp.
1479 749 1590 807 Christe
1612 748 1731 817 eleison,
1746 748 1831 822 llyrie
1847 749 1945 809 eleison.

269 847 410 904 virtutum
422 852 562 904 converte
575 862 653 906 nos:
670 844 829 903 atestende
843 843 950 900 taciem
965 846 1060 905 tuam,
1069 841 1099 894 et
1188 837 1335 907 capitata.
1352 840 1427 893 Deus
1438 837 1562 909 Spiritus
1572 838 1686 903 Sancte,
1698 851 1716 892 a
1727 852 1786 909 quc
1796 842 1885 894 creata
1894 846 1947 896 sunt

271 934 345 993 salvi
359 935 481 991 erimus.
493 934 529 993 P.
546 934 710 1006 litaquam.
721 934 754 995 11.
767 932 875 989 Gloria.
885 930 918 986 P.
933 930 1096 1002 Ettaquam.
1152 926 1263 994 omnia,
1281 931 1309 981 et
1319 932 1485 983 restaurata
1504 930 1571 982 sunt
1586 924 1745 982 universa:
1761 926 1850 999 quiin
1864 928 1948 999 princi·

308 1020 453 1094 Hymnus.
468 1022 561 1079 Beata
573 1021 661 1079 nobis
673 1021 794 1092 gaudia.
811 1026 844 1076 at
863 1033 963 1091 supra.
1152 1012 1212 1085 pio,
1229 1012 1259 1069 id
1273 1019 1325 1082 est,
1339 1014 1370 1069 in
1382 1013 1513 1071 Filiotuo
1525 1012 1649 1069 Domino
1661 1017 1764 1071 nostro
1773 1012 1947 1083 lesuGhristo,

308 1111 463 1179 Capitale.
481 1110 603 1183 Spiritus
614 1110 751 1177 Sanctus,
761 1109 897 1176 Domine,
905 1106 1035 1164 deducat
1043 1118 1099 1161 nos
1153 1100 1262 1158 coelum
1284 1105 1454 1174 terramque
1475 1101 1570 1159 iecisti
1589 1121 1595 1161 :
1617 1100 1655 1157 da
1669 1100 1767 1171 nobis,
1792 1106 1824 1158 ut
1847 1102 1948 1175 Spiritus

271 1198 304 1255 in
316 1198 397 1254 viam
411 1201 524 1254 rectam
540 1219 548 1254 :
563 1201 596 1255 ut
609 1198 641 1254 in
654 1198 744 1254 nobis
756 1196 868 1254 malitia
888 1210 950 1253 nou
961 1197 1098 1267 superea
1153 1187 1200 1246 ille
1213 1194 1290 1262 tuus,
1311 1190 1363 1262 qui
1376 1196 1418 1247 est
1436 1188 1534 1248 bonus
1552 1189 1583 1245 in
1607 1189 1758 1261 omnibus,
1781 1190 1811 1245 iu
1833 1192 1948 1248 cordibu

272 1289 302 1344 et
314 1285 347 1343 in
360 1285 473 1343 cunctis
490 1285 646 1342 Divinitate
657 1285 814 1341 redundet.
1153 1278 1264 1335 nostris
1290 1277 1465 1336 infundatur
1488 1295 1495 1335 ε
1530 1278 1583 1352 qui
1606 1292 1678 1350 ergo
1704 1276 1871 1336 mirabiliter
1889 1280 1950 1337 dona

307 1373 391 1432 Pater
403 1379 517 1429 noster.
539 1372 664 1429 liberati
680 1389 700 1430 a
712 1373 804 1429 malo.
818 1373 877 1444 sol.
892 1372 921 1428 S.
1154 1368 1317 1439 gratiarum
1333 1368 1450 1439 partiris
1472 1368 1503 1423 in
1517 1366 1653 1434 singulis,
1668 1366 1850 1439 singulariter
1865 1371 1889 1425 te
1903 1384 1951 1425 nra·

306 1462 486 1519 Benedictio.
514 1460 640 1533 Spiritus
657 1461 707 1517 Dei
729 1462 829 1517 bonus
849 1459 981 1516 deducat
993 1472 1048 1516 vos
1069 1456 1100 1513 in
1154 1455 1433 1514 ultorium-ostende
1444 1456 1476 1513 in
1493 1455 1675 1513 remittendis
1691 1454 1882 1528 iniquitatibus
1897 1472 1949 1515 nos·

271 1550 351 1608 dam
364 1553 478 1605 rectem
492 1553 521 1605 et
534 1564 554 1605 a
566 1548 654 1621 lapsu
668 1549 880 1623 peccaminum
890 1549 1100 1605 itineravestra
1155 1544 1219 1601 tris.

271 1637 441 1710 disjungat;
456 1649 489 1711 tp.
501 1640 606 1694 Amen.
622 1637 723 1710 Sitque
735 1638 798 1694 dux
811 1638 923 1694 itineris
935 1636 1036 1706 vestri,
1046 1635 1100 1707 qui
1115 1661 1137 1717 Β
1192 1634 1278 1691 Pater
1291 1641 1403 1693 noster.
1419 1633 1545 1691 Liberali
1559 1648 1578 1691 a
1592 1632 1684 1691 malo.
1700 1634 1757 1705 fol.
1776 1636 1802 1689 2.

272 1726 344 1783 olim
358 1726 390 1782 in
405 1724 568 1799 Discipulos
582 1726 722 1799 apparuit
732 1724 908 1783 manifestus
924 1742 931 1780 :
945 1735 978 1796 tp.
994 1728 1099 1781 Amen.
1190 1722 1364 1780 Benedictio.
1382 1722 1711 1797 SpiritusSanctus,qui
1721 1721 1952 1795 repentiscnitude

273 1814 311 1871 Ut
321 1813 429 1871 eodem
449 1813 563 1887 repleti,
579 1819 608 1870 et
619 1828 702 1871 mare
713 1814 806 1884 huius
824 1813 925 1870 saeculi
943 1810 1102 1869 transeatis
1156 1810 1231 1868 coelc
1242 1811 1336 1882 igneis
1351 1827 1441 1884 super
1451 1810 1617 1884 Discipulos
1624 1810 1952 1883 appareillinguispleni·

272 1901 377 1970 inlresi,
389 1905 418 1960 et
432 1906 543 1960 sterno
558 1901 733 1961 mereamini
748 1901 786 1959 de
801 1916 926 1959 munere
938 1899 1097 1958 consolari.
1156 1898 1291 1956 tudinem
1304 1900 1336 1957 in
1346 1900 1432 1958 vobis
1442 1904 1581 1972 operetur
1594 1914 1657 1955 suae
1674 1897 1911 1963 sanctificationis
1926 1909 1951 1967 tp.

274 2001 306 2061 te.
323 1990 431 2046 Amen.
1156 1991 1260 2044 Amen.
1286 1990 1318 2045 Et
1340 2004 1402 2061 quo
1416 1989 1553 2046 docente.
1576 1985 1721 2059 Discipuli
1743 1991 1811 2043 sunt
1828 1983 1951 2059 perlocuti

308 2077 364 2133 Per
373 2076 621 2137 misericordiam.
1156 2076 1320 2145 magnalia,
1332 2077 1438 2133 eodem
1448 2092 1502 2133 vos
1513 2075 1690 2148 inspirante,
1706 2074 1952 2145 confiteaminipee-

309 2182 424 2240 Laudo.
440 2182 599 2239 Effundam
610 2182 648 2239 de
663 2183 772 2256 spiritu
785 2198 868 2242 meo,
879 2183 992 2243 Oratio,
1006 2184 1028 2240 0
1041 2182 1103 2256 spi.
1156 2166 1379 2231 catavestra,ad
1386 2165 1629 2237 consequendam
1636 2164 1951 2222 misericordissimam:

275 2270 349 2329 ritus
364 2271 479 2327 Sancte.
491 2271 549 2342 sol.
565 2274 629 2329 lot.
1156 2263 1190 2325 11.
1205 2253 1310 2311 Amen.
1331 2256 1365 2311 Ut
1377 2268 1430 2327 per
1442 2269 1532 2326 quem
1545 2252 1587 2309 illi
1608 2253 1712 2326 eloqui
1727 2253 1855 2310 omnium
1869 2249 1953 2321 linguis

275 2375 364 2452 423
395 2380 437 2448 ι111
466 2376 574 2435 pfflgo
617 2376 786 2437 mmmm
818 2378 906 2436 pOST
941 2378 1104 2437 SANCTUM
1157 2340 1254 2397 edocti
1266 2347 1345 2409 sunt,
1362 2358 1415 2413 per
1434 2358 1505 2398 cum
1523 2341 1559 2401 sit
1582 2340 1671 2397 vobis
1691 2340 1824 2401 remissio
1841 2337 1952 2396 omniun

562 2467 818 2527 rauracosrau.
1157 2434 1522 2502 perniciossimae.

449 2588 478 2629 ¹⁸
496 2588 540 2631 ⁰¹¹³
556 2587 748 2643 ³⁸⁸⁸⁶T¹⁵⁸¹¹⁸
766 2588 925 2631 mmm
1192 2521 1309 2664 {Zereia
1322 2607 1416 2664 llerbo
1431 2606 1548 2663 Domini
1561 2606 1750 2665 coelitirmati
1763 2610 1828 2664 sunt
1837 2602 1952 2661 Alleluia:

566 2680 615 2736 M
637 2680 806 2751 vesperum.
1156 2696 1191 2752 P.
1207 2694 1315 2769 Spiritu
1332 2696 1391 2751 oris
1408 2695 1473 2767 ejus
1492 2696 1590 2752 omnis
1604 2694 1702 2752 virtus
1717 2711 1828 2754 eorum.
1844 2690 1953 2749 aleluia.

309 2785 421 2843 lardo.
436 2784 524 2858 Apud
538 2787 568 2843 te
587 2790 642 2855 est,
659 2786 795 2855 Domine,
805 2787 840 2843 P.
856 2784 1104 2843 Ponsritaretin
1157 2784 1269 2841 Timeat
1284 2783 1444 2841 Dominum
1454 2784 1553 2841 omnis
1561 2787 1648 2841 terra.
1662 2783 1827 2855 alleluiati.
1837 2778 1954 2850 Quiaipse

272 2872 686 2931 luminevidebimuslumeu.
700 2873 805 2934 1111111
816 2873 1023 2941 hominum,in
1037 2888 1105 2945 pro·
1157 2872 1240 2943 dixit,
1255 2877 1283 2928 et
1301 2873 1480 2929 factasunt:
1500 2873 1566 2945 ipse
1579 2872 1748 2940 mandavit,
1758 2874 1882 2930 etcreata
1892 2872 1952 2923 sunt.

272 2962 400 3017 tectione
412 2959 530 3016 alarum
541 2964 661 3017 tuarum
673 2959 834 3032 sperabunt
851 2959 1104 3017 :litinebrislruu
1157 2959 1189 3015 P.
1208 2960 1327 3033 Spiritu.
1343 2959 1376 3021 t.
1391 2960 1496 3019 Gloria.
1514 2961 1553 3017 P.
1569 2960 1695 3033 Spiritu.

272 3051 321 3106 tur
339 3047 379 3103 ab
396 3045 530 3103 ubertate
543 3046 653 3103 domus
667 3054 742 3107 tuse:
760 3054 789 3104 et
799 3052 927 3105 torrente
942 3046 1103 3122 voluptatis
1193 3048 1303 3108 Oratio.
1319 3049 1395 3106 Deus
1415 3051 1499 3106 Pater
1509 3048 1718 3122 Omnipotens,
1734 3050 1784 3126 qui
1797 3048 1825 3106 in
1838 3041 1956 3121 principio

272 3133 331 3191 ture
344 3138 451 3206 potum
465 3132 551 3190 dabis
568 3135 610 3190 eis
621 3135 757 3192 Domine.
770 3135 809 3192 P.
829 3137 908 3192 Pons
922 3137 1005 3192 ritae.
1157 3137 1252 3208 idest,
1268 3137 1299 3194 in
1311 3137 1384 3194 Filio
1398 3143 1450 3194 tuo
1459 3140 1527 3194 lesu
1541 3137 1654 3194 Christo
1674 3139 1902 3204 Dominonostro,
1914 3146 1957 3188 ce·

308 3222 421 3280 Oratio.
439 3223 574 3290 Domine,
586 3223 670 3297 apud
681 3238 773 3297 quem
789 3228 835 3281 est
854 3223 922 3281 iona
935 3225 1015 3295 vites,
1031 3229 1059 3282 et
1072 3225 1102 3281 in
1155 3225 1229 3294 lum,
1255 3229 1423 3299 terramque
1442 3225 1550 3294 iecisti;
1573 3226 1729 3294 danobis,
1753 3233 1784 3282 ut
1800 3223 1908 3298 Spiritus
1921 3219 1956 3275 ille

272 3313 359 3384 cuius
371 3312 484 3369 lumine
500 3312 663 3385 aspicimus
681 3312 799 3384 lumen;
817 3314 912 3370 enutri
929 3313 960 3369 in
972 3328 1029 3370 uos
1045 3317 1103 3370 ture
1157 3319 1235 3380 tuus,
1251 3315 1303 3387 qul
1317 3329 1406 3386 super
1420 3329 1528 3387 aquas,
1539 3313 1633 3385 idest,
1641 3331 1793 3390 supercor
1802 3311 1957 3370 nostrumte

273 3401 404 3460 scientiae
419 3400 607 3474 splendorem
625 3418 631 3458 :
651 3406 684 3458 ut
697 3401 863 3460 sitientibus
880 3402 967 3459 nobis
981 3402 1103 3461 vitalem
1157 3402 1321 3460 nebrosum
1337 3418 1373 3458 ac
1386 3400 1513 3459 fluidum
1532 3401 1633 3470 tertur,
1657 3403 1774 3462 tructus
1787 3402 1834 3459 tibi
1847 3401 1874 3456 in
1890 3394 1956 3452 nobis

272 3490 425 3563 impertias
435 3496 550 3562 potum,
562 3494 590 3546 et
598 3490 796 3561 caligantibus
805 3490 963 3548 animabus
973 3506 1103 3564 superno
1156 3490 1359 3564 beneplacitos
1371 3496 1522 3562 operetur:
1534 3495 1564 3547 ut
1575 3490 1607 3548 in
1620 3506 1749 3566 corpore
1760 3484 1956 3558 nostrccopiost

272 3577 386 3634 lumine
399 3578 539 3635 restituas
553 3577 745 3637 intellectum.
762 3590 795 3649 tp.
811 3588 915 3636 Amen.
1157 3578 1299 3636 virtutum
1313 3577 1510 3636 exundatione
1522 3579 1730 3650 sanctificans,
1745 3573 1956 3638 indesinentium

310 3663 366 3721 Per
380 3666 619 3723 misericordiam
634 3672 728 3725 tuam.
1157 3668 1226 3738 igue
1239 3667 1351 3726 amoris
1368 3666 1409 3724 tui
1425 3667 1577 3726 accendat.
1593 3678 1627 3738 tp.
1643 3677 1751 3727 nmen.

310 3752 396 3808 Seno.
414 3753 469 3818 Qui
478 3753 612 3811 extendit
625 3755 716 3811 coelos
731 3755 807 3812 sicut
819 3755 928 3828 pellem
944 3773 951 3813 ι
968 3756 1020 3830 qui
1030 3755 1104 3830 tegit
1196 3753 1258 3812 Per.

274 3838 363 3912 equis
370 3840 524 3914 superiora
531 3841 609 3911 eius.
619 3843 654 3898 P.
665 3842 722 3909 Qui
733 3843 803 3900 lacit
814 3845 942 3916 angelos
953 3861 1033 3911 suos,
1045 3843 1105 3917 spi·
1444 3842 1494 3899 Ad
1513 3843 1710 3901 Melitinam.

274 3925 366 3998 ritus;
381 3931 410 3984 et
422 3926 574 3985 ministros
598 3945 682 3997 suos,
697 3929 798 4002 ignem
814 3935 960 3989 urentem.
970 3930 1102 3989 Alleluia.
1194 3933 1337 4003 Hymnus.
1351 3931 1468 3989 AEterne
1481 3947 1593 3990 rerum.
1609 3928 1957 3991 Oratiaditernututcnu·

274 4013 307 4075 r.
320 4013 373 4081 Qui
384 4013 523 4072 fundavit
533 4020 642 4074 terram
650 4031 740 4089 super
749 4017 941 4075 stabilitatem
951 4020 1016 4090 eius
1027 4033 1105 4076 :non
1161 4023 1282 4076 ctorem.
1293 4020 1352 4091 sol.
1372 4023 1401 4078 3.

276 4101 467 4160 inclinabitur
480 4103 511 4159 in
523 4104 667 4160 saeculum
680 4103 789 4160 meni.
802 4105 837 4160 P.
855 4106 912 4171 Qui
925 4106 1004 4162 tecit.
1195 4107 1373 4178 Antiphone.
1393 4107 1526 4174 Domine,
1544 4105 1618 4182 quid
1640 4106 1825 4182 multiplicati
1844 4102 1904 4160 sunt
1919 4092 1958 4168 qui

311 4189 456 4247 Domirum
473 4192 520 4248 sit.
537 4203 569 4262 ip.
579 4191 613 4248 Et
627 4208 708 4248 cum.
1160 4194 1432 4253 tribulantmetTu
1445 4198 1544 4252 autem
1554 4197 1681 4253 Domine
1690 4201 1840 4269 susceptor
1848 4203 1920 4248 meus
1927 4197 1956 4237 es.

312 4278 494 4348 scriptoria.
509 4278 643 4345 Alleluia,
660 4279 720 4336 Filii
735 4279 816 4348 Sion,
833 4281 962 4339 exultate
984 4287 1013 4342 et
1026 4283 1107 4341 leeta·
1160 4285 1304 4341 Peolmus
1318 4301 1356 4342 ru.

275 4367 390 4422 miniin
406 4369 574 4424 Decrestro
590 4383 597 4423 ε
616 4368 647 4426 Ρ.
661 4369 734 4434 Quia
748 4368 832 4426 dedit
845 4371 932 4428 vobis
951 4372 1106 4430 doctorem
1122 4354 1145 4409 D
1194 4372 1531 4442 inrepercussum
1547 4371 1586 4429 ab
1594 4372 1740 4444 iniustitia
1755 4386 1818 4428 mea
1831 4387 1838 4424 ι
1851 4369 1957 4432 stupec-

273 4454 404 4526 justitiae,
416 4459 446 4513 et
459 4456 564 4514 eliudit
577 4457 615 4513 de
628 4457 800 4533 Spiritusne
812 4474 1105 4532 superomuemear-
1160 4464 1226 4518 cato
1241 4475 1308 4517 meo
1325 4460 1439 4518 munda
1451 4475 1498 4517 me
1512 4459 1647 4516 Domine.
1661 4459 1802 4517 Psalmus
1813 4475 1839 4512 u.

276 4556 357 4599 nem.
369 4541 401 4604 11.
415 4542 565 4600 Breuitate
587 4545 647 4601 Deo
671 4546 801 4617 adjutori
829 4552 933 4604 nostro
958 4563 965 4604 ε
980 4548 1106 4619 Jubilete
1194 4549 1376 4620 Antiphone.
1397 4555 1427 4604 ln
1440 4554 1468 4606 te
1481 4548 1605 4605 conlidit
1620 4547 1724 4605 anima
1736 4561 1803 4604 mea
1815 4561 1821 4600 :
1833 4543 1912 4600 libera
1923 4545 1957 4589 mt

277 4632 338 4687 Deo
354 4630 457 4689 iacob.
469 4633 504 4690 P.
525 4633 597 4699 Quia
611 4633 700 4691 dedit.
716 4634 747 4695 11.
769 4633 875 4692 Gloria.
892 4636 926 4693 P.
948 4636 1032 4702 Quia.
1050 4639 1106 4695 Do·
1160 4637 1296 4695 Domine.
1309 4639 1448 4694 Psatmus
1462 4653 1518 4692 nvi.

277 4720 378 4776 minus
392 4722 438 4776 sit.
454 4723 537 4792 11131
553 4721 638 4779 Cum.
1196 4725 1308 4783 Oratio.
1323 4724 1655 4791 DominetcsuGbriste,
1667 4723 1719 4797 qui
1734 4719 1879 4779 credentes
1891 4711 1917 4768 in
1928 4711 1956 4763 te.

313 4807 1106 4870 Lauda.AlleluialdundevitnosDominusnbomni·
1158 4815 1212 4885 sol.
1230 4817 1256 4871 3.

277 4897 337 4953 bus
350 4897 437 4954 melis
457 4914 463 4952 :
481 4903 508 4955 et
530 4898 611 4956 dedit
625 4901 712 4958 nobis
724 4917 911 4970 cornorum,
927 4909 955 4957 et
969 4903 1105 4974 spiritum
1194 4902 1368 4973 Antiphone
1385 4907 1408 4958 l.
1430 4901 1526 4958 Verbo
1544 4901 1661 4958 Domini
1679 4898 1744 4957 coeti
1768 4891 1872 4954 firmati
1883 4885 1956 4944 sunt:

278 4987 488 5044 rectumrPAEt
499 4987 614 5045 auferat
624 4989 878 5062 corlapideumde
888 4995 1104 5059 carnenostra3
1160 4993 1200 5050 P.
1222 4995 1254 5049 Et
1273 4992 1375 5066 spiritu
1393 4991 1453 5048 oris
1468 4992 1544 5064 ejus,
1566 4991 1663 5048 omnis
1680 4995 1803 5046 ornatus
1825 4971 1956 5068 earuml-

278 5079 312 5131 ut
323 5075 355 5132 in
371 5077 424 5132 riis
433 5075 498 5147 ejus
512 5076 712 5134 ambulemus.
728 5079 860 5137 Alleluia.
875 5077 1040 5150 ll.llaguus
1052 5079 1105 5137 Do.
1161 5080 1256 5154 Diligit
1278 5079 1522 5148 misericordiam,
1538 5084 1566 5135 et
1585 5077 1730 5150 judicium
1753 5093 1759 5128 :
1781 5061 1957 5129 misericordia

278 5163 377 5220 minus
397 5169 505 5230 noster,
522 5170 551 5221 et
565 5180 677 5234 magna
689 5165 782 5222 virtus
794 5167 859 5239 ejus
876 5184 883 5219 :
902 5171 932 5223 et
953 5170 1107 5242 sapientius
1161 5171 1278 5227 llomiui
1291 5169 1379 5242 plena
1395 5175 1437 5225 est
1450 5174 1535 5226 terra.
1548 5167 1638 5242 424
1651 5168 1685 5223 P.
1702 5167 1734 5221 Et
1748 5162 1857 5236 spiritu.
1867 5167 1895 5226 11.
1909 5148 1958 5207 610·

278 5251 343 5322 ejus
352 5267 415 5308 non
433 5256 478 5308 est
489 5266 644 5308 uumerus.
658 5253 698 5310 P.
719 5254 752 5309 lit
765 5253 887 5312 auferet.
908 5265 942 5327 tp.
956 5256 1104 5330 Gloria,ct.
1160 5259 1214 5328 ria,
1228 5259 1298 5314 etP.
1314 5261 1346 5315 ut
1359 5257 1476 5332 spiritu.
1940 5319 1945 5332 ,

278 5338 311 5396 Ρ.
322 5341 355 5396 Et
369 5339 491 5397 auferet.
1196 5345 1311 5402 Oratio.
1325 5349 1385 5404 Tuo
1401 5345 1525 5403 Domine
1542 5343 1636 5404 Verbo
1649 5341 1714 5401 roeli
1726 5345 1794 5396 sunt
1801 5327 1956 5419 1111111811·

313 5429 467 5503 Hymnus.
486 5425 573 5504 011111
586 5428 674 5487 Beata
685 5426 820 5500 Trinitas,
834 5431 892 5515 sot.
913 5436 977 5516 tlt.
1161 5433 1219 5498 ritu
1227 5433 1324 5492 ornati
1336 5450 1344 5504 ;
1356 5433 1429 5508 qnia
1443 5433 1526 5510 apud
1532 5433 1651 5514 beamur
1659 5427 1830 5491 Trinitatem
1839 5413 1904 5478 nui
1911 5411 1956 5468 1111
