4117 6175
102 288 157 347 ssa
681 268 1242 365 nomntnnrndtaiinrtn'srna.
1753 278 1822 355 bat

98 409 490 474 unumtmct‘rusutem
498 412 624 476 Donum
634 422 931 494 susceptormenses.
948 407 974 477 l
1024 431 1056 495 a.
1073 422 1144 490 Quis
1154 421 1183 481 tc
1191 414 1394 482 consolabitur
1401 418 1487 495 virgo
1498 414 1561 479 lilia
1573 415 1654 495 Sion,
1668 414 1817 496 misma-

99 506 247 563 Psulmut
259 518 303 562 111·
987 526 1048 582 gna
1071 514 1118 569 est
1136 512 1213 571 sicut
1233 526 1318 570 mare
1344 506 1481 569 contritio
1504 510 1580 567 tuat
1592 510 1717 567 Effunda
1739 509 1815 569 sicut

134 590 934 670 antiphrasi.ltelellomineiniquitatesmeas.Psat·
987 615 1063 673 aqua
1079 604 1243 659 cortuum.
1262 602 1292 658 P.
1311 600 1344 657 ln
1357 602 1518 673 conspectu
1526 596 1647 656 Domini
1657 596 1762 655 extolle
1774 598 1814 657 ad

102 698 168 740 mus
177 698 206 737 a.
222 678 475 753 inspiracula
486 686 514 741 te
525 684 649 743 contidit
658 686 837 745 animamea
850 686 934 744 Psat-
987 704 1058 746 eum
1073 706 1182 749 manus
1195 694 1262 748 tuas
1274 704 1328 764 pro
1338 686 1472 746 remedio
1481 689 1811 761 peccatorumtuorum.

103 788 170 829 mus
184 786 243 829 m.
985 772 1020 839 t.
1041 776 1142 836 Deduc
1160 779 1248 853 quasi
1265 780 1425 836 torrentem
1440 774 1613 847 lachrymas
1621 788 1675 848 per
1685 775 1774 840 diem,
1786 778 1815 834 et

140 860 258 919 Oratio.
270 858 491 930 llominellaus,
502 861 585 935 apud
592 877 683 937 quem
691 864 933 922 confitentesmc
985 867 1117 935 noctem,
1128 870 1157 925 et
1170 882 1232 925 nou
1244 867 1363 925 taceant
1372 862 1494 939 pupilla
1509 860 1646 922 oculitut.
1662 860 1814 919 Placon-

104 948 208 1008 delam
225 949 331 1007 edatis
343 949 592 1022 inveniunt3dele
604 952 792 1027 piaculorum
810 952 935 1011 vulnera
988 958 1101 1029 spectu.
1116 955 1148 1017 t.
1160 954 1267 1027 Gloria,
1279 954 1425 1013 ethonor.

105 1037 146 1096 dc
160 1035 304 1096 cordibus
318 1036 499 1109 hominum;
513 1043 542 1097 et
552 1040 674 1098 ostende
697 1058 787 1115 snper
803 1055 860 1099 nos
873 1040 933 1098 cle·
1024 1044 1138 1102 Oratio.
1155 1044 1317 1103 Consolare
1331 1060 1398 1112 nos,
1419 1038 1555 1113 Domine,
1572 1038 1604 1097 in
1624 1036 1814 1097 tribulatione

105 1128 229 1185 mentiar
237 1132 295 1185 tuse
301 1124 504 1186 clarissimum
510 1128 792 1203 vultum3tuumque
798 1127 935 1189 clamori·
987 1136 1100 1199 nostra,
1116 1130 1308 1207 quiquotidie
1322 1128 1450 1205 peccatis
1459 1129 1678 1193 contristamur,
1692 1129 1721 1182 et
1730 1140 1813 1183 com-

104 1213 164 1274 bus
179 1215 354 1290 supplicum
366 1216 481 1275 inclina
490 1222 628 1276 sanctum
640 1218 780 1277 auditum
790 1238 797 1276 :
809 1218 934 1277 Effundc
986 1236 1088 1295 punge
1101 1217 1542 1280 cornostrumsdetlundendas
1552 1211 1815 1288 lachrymas,slcut

103 1306 549 1379 mantibusnostristnaegratia
559 1309 674 1366 donum
683 1329 693 1383 ;
702 1315 730 1367 et
742 1310 872 1367 concede
883 1325 934 1383 po
987 1325 1069 1383 aqua
1080 1310 1111 1367 in
1121 1314 1342 1383 conspectntuo
1359 1326 1365 1365 :
1382 1312 1414 1364 ut
1429 1304 1604 1364 extollentes
1615 1302 1655 1361 ad
1664 1306 1692 1361 te
1705 1315 1814 1359 manus

103 1394 933 1472 stumubusrsmediumquesnum:acquiaadimpen-
986 1402 1114 1465 nostras,
1130 1412 1298 1473 numquam
1311 1395 1454 1453 humanis
1476 1393 1653 1465 dejiciamur
1667 1388 1698 1447 in
1719 1388 1814 1447 laudi·
1935 1411 1937 1421 ·

104 1484 242 1541 dandum
259 1482 395 1542 debitum
414 1489 525 1543 nostras
540 1484 686 1543 servitutis
700 1487 910 1556 consurgimus
923 1503 932 1556 3
985 1482 1062 1555 bus;
1079 1487 1132 1543 sed
1146 1490 1184 1552 te,
1194 1479 1631 1561 inquosummaestgloriatio‚
1644 1476 1687 1537 tui
1697 1492 1812 1537 memo-

104 1571 455 1631 effundebenedictionis
466 1579 495 1631 et
503 1572 607 1631 salutis
619 1572 833 1634 abundantiam
843 1591 934 1649 super
986 1589 1043 1643 res,
1059 1571 1249 1632 delectemur.
1266 1584 1298 1646 tp.
1310 1569 1414 1630 Amen.

102 1661 257 1737 poputum
272 1664 358 1719 tuum
376 1678 383 1719 :
401 1677 437 1719 ac
451 1661 517 1719 dele
531 1663 697 1720 misericors
710 1662 805 1720 scelus
817 1667 932 1721 contra·
1021 1663 1076 1719 Per
1087 1660 1331 1720 misericordiam.

100 1753 186 1807 ctum
199 1766 208 1817 ;
223 1750 253 1806 et
268 1746 315 1807 lac
328 1763 386 1806 nos
408 1764 473 1807 esse
487 1748 598 1808 liberos
613 1766 631 1809 a
644 1755 727 1808 reatu
740 1750 906 1808 facinorum
923 1770 931 1809 ι
946 1769 970 1829 B
1288 1750 1325 1807 ln
1339 1746 1501 1806 Laudibus.

100 1836 178 1897 andi
194 1838 322 1909 gemitus
336 1838 520 1912 petentium,
534 1838 642 1912 largire
664 1837 857 1911 ndulgentiae
874 1838 933 1898 tru-
1021 1836 1071 1895 Ad
1086 1838 1253 1897 Canticum.
1268 1836 1447 1907 Antiphone.
1465 1834 1544 1892 Sicut
1564 1828 1732 1905 parturiens
1743 1840 1811 1901 pro-

101 1933 211 1994 ctum;
226 1928 255 1983 et
268 1923 451 1983 clamoribus
465 1926 640 2001 pulsantum
654 1926 789 1986 fidetium
802 1927 932 1987 concede
985 1926 1068 1985 xima
1082 1931 1127 1985 est
1140 1928 1251 2001 partui,
1262 1932 1291 1984 et
1302 1926 1334 1982 in
1344 1924 1447 1982 dolore
1466 1938 1521 1980 suo
1535 1920 1645 1977 clamat
1661 1932 1668 1975 :
1685 1918 1726 1975 ita
1740 1914 1812 1973 lacti

100 2014 234 2085 singulis
250 2014 429 2085 suffragium
442 2014 638 2089 postulatum.
651 2028 688 2089 n.
706 2018 811 2074 Amen.
986 2031 1091 2073 sumus
1103 2014 1220 2073 dilecto.
1236 2016 1359 2088 Propter
1371 2012 1509 2069 timorem
1525 2011 1609 2067 tuum
1630 2006 1765 2072 Domine,
1779 2003 1811 2061 in

138 2103 195 2160 Per
213 2102 461 2161 misericordiam.
985 2108 1070 2162 utero
1084 2104 1267 2179 accepimus,
1278 2104 1306 2161 et
1316 2100 1529 2177 parturivimus
1542 2096 1682 2172 spiritum
1694 2092 1808 2164 salutis,

137 2192 351 2263 Antiptcnar.
362 2193 503 2250 Converte
513 2208 570 2250 nos
578 2194 655 2250 Deus
666 2188 803 2250 salutaris
810 2196 910 2251 noster
922 2213 929 2252 ε
985 2208 1076 2265 quem
1089 2188 1181 2249 iecisti
1196 2194 1419 2265 superterram.

99 2280 138 2337 P.
157 2282 192 2337 Et
204 2284 305 2338 averte
317 2280 395 2337 bam
419 2284 504 2338 tuam
525 2280 655 2338 anobis.
671 2283 712 2339 lte
730 2282 761 2339 in
787 2286 931 2339 eternum
1021 2280 1188 2338 Canticum.
1204 2280 1245 2337 De
1259 2284 1346 2336 nocte
1358 2274 1471 2349 vigilat.
1483 2274 1541 2347 fol.
1553 2276 1597 2331 aa.

97 2365 243 2426 irascaris
257 2366 357 2426 nobis.
372 2368 407 2430 t.
429 2370 507 2426 Deus
528 2373 559 2427 tu
573 2374 749 2428 convertens
762 2368 930 2428 vivificabis
1019 2355 1812 2437 AdBcnedictus.antiplonallancastabotibi,etvi-

96 2471 162 2514 nos
176 2475 182 2513 :
196 2463 226 2514 et
235 2456 321 2530 plebs
331 2460 382 2516 tua
393 2456 542 2516 laetabitur
555 2456 587 2516 in
601 2462 642 2516 tc.
664 2458 697 2516 P.
720 2461 754 2516 at
773 2463 881 2518 averte.
897 2456 930 2522 t.
984 2454 1102 2515 debota
1114 2476 1123 2513 ε
1137 2454 1283 2531 quoniam
1293 2460 1324 2512 tu
1339 2470 1370 2512 es
1383 2456 1470 2521 Deus,
1484 2450 1589 2508 nolens
1605 2446 1807 2521 iniquitatem.

98 2544 215 2613 Gloria,
229 2548 258 2603 et
270 2546 377 2604 bonor.
983 2542 1015 2605 t.
1036 2544 1132 2602 Verba
1144 2560 1214 2601 mea
1230 2540 1355 2601 auribus
1382 2540 1500 2615 percipe
1520 2538 1655 2607 Domine,
1681 2532 1811 2605 intellige

137 2634 259 2692 Oratio.
275 2633 481 2692 Convertenos
493 2634 572 2692 Deus
585 2634 722 2693 salutaris
733 2636 833 2693 noster
842 2634 881 2693 ad
892 2638 929 2705 te,
985 2631 1147 2689 clamorem
1162 2644 1274 2688 meum.
1291 2628 1412 2686 intende
1426 2624 1494 2683 voci
1504 2622 1647 2682 orationis
1659 2634 1744 2692 mea,
1758 2634 1811 2678 rex

96 2726 134 2780 ut
150 2726 271 2780 armins
283 2722 359 2780 iram
372 2724 456 2781 tuam
469 2722 585 2782 anobis
598 2740 606 2793 ;
618 2722 689 2797 quia
703 2722 795 2781 aderit
807 2722 932 2797 respira·
985 2717 1072 2777 me'irs
1083 2722 1111 2775 et
1126 2720 1203 2776 Deus
1217 2716 1311 2774 meus.
1322 2714 1469 2783 Quoniam
1480 2712 1519 2769 ad
1532 2711 1559 2769 ie
1570 2706 1664 2768 orabo
1674 2708 1809 2764 Domine.

95 2824 187 2879 men,
206 2809 231 2865 sl
246 2810 438 2884 suspenderis
450 2811 582 2869 imorem
598 2812 654 2869 :sit
668 2810 826 2869 clementia
835 2810 932 2884 proxi·
1021 2806 1187 2865 Canticum.
1199 2804 1373 2863 Benedictus
1382 2818 1414 2859 cs
1423 2800 1558 2857 Domine.
1567 2796 1734 2866 Quoercsol.
1747 2798 1773 2850 c.

95 2911 170 2965 ma,
183 2898 330 2971 utprocul
340 2898 379 2956 sit
395 2898 440 2956 ira
456 2900 613 2957 :converte
627 2915 694 2971 nos,
716 2902 747 2957 ut
759 2896 931 2955 miserando
1020 2894 1133 2953 Laudo.
1148 2892 1278 2951 Laudato
1291 2886 1453 2948 Dominum
1461 2886 1498 2944 de
1507 2884 1589 2943 coelis
1601 2896 1708 2941 omnes
1717 2876 1810 2937 stellae

95 2986 438 3045 vulneranostrasanes
452 3004 459 3045 :
472 2988 722 3060 neaversusJuste
732 3003 786 3061 pro
796 2991 930 3059 peccato,
985 2982 1135 3042 etlumen.
1152 2982 1223 3040 Coeli
1238 2980 1392 3047 catorum,
1404 2982 1432 3036 et
1447 2992 1545 3051 aqua,
1558 2987 1626 3049 qua
1638 2974 1708 3029 sunt
1719 2984 1811 3043 supra

95 3076 215 3152 plagas
222 3074 321 3150 potius
330 3073 517 3150 multiplices.
531 3076 608 3148 Ergo
617 3088 771 3148 rogamus,
783 3077 932 3148 utprasve·
985 3072 1088 3142 coelos,
1098 3072 1128 3131 P.
1145 3070 1279 3131 Laudent
1291 3084 1402 3127 noman
1415 3064 1532 3124 Diminl.
1548 3064 1580 3128 tl.
1596 3064 1690 3134 Reges
1714 3063 1810 3127 terrm,

97 3164 175 3222 alat
185 3163 331 3236 justitiam
340 3163 446 3238 pietas,
460 3167 488 3222 et
499 3169 688 3238 praeoccupet
699 3177 823 3238 poenam
835 3161 932 3220 indul-
986 3166 1015 3220 et
1024 3177 1129 3221 omnes
1137 3157 1241 3235 populi
1254 3176 1261 3215 ε
1273 3157 1432 3232 principes,
1443 3149 1706 3226 etomnesjudices
1715 3151 1809 3208 terrae.

97 3251 210 3326 genita
221 3263 419 3326 ;nosquoque
429 3249 507 3310 adte
517 3255 672 3320 converte;
687 3248 844 3310 uttrlbuas
855 3247 932 3310 salu·
986 3252 1016 3308 P.
1032 3247 1174 3310 Laudent.

96 3343 182 3410 tem,
201 3344 231 3397 at
243 3340 402 3399 subtrahas
413 3339 568 3399 ultionem.
583 3351 616 3413 p.
634 3343 735 3399 nmen.
1146 3337 1243 3395 Lectio
1255 3335 1326 3392 titis·
1338 3332 1467 3391 Numeri
1475 3329 1563 3404 (Gap.
1577 3331 1651 3393 1111).

136 3426 200 3485 Per
213 3429 459 3488 misericordiam.
1021 3423 1260 3499 aneogranas.

138 3516 318 3587 antiplona
328 3523 359 3576 2.
376 3517 511 3576 iudicata
520 3516 648 3591 pupilio,
663 3519 692 3574 et
703 3529 799 3587 egeno
815 3512 865 3570 :P.
877 3512 933 3570 liu-
1021 3517 1055 3571 ln
1068 3511 1125 3571 iliis
1140 3510 1247 3571 diebus
1260 3526 1266 3565 :
1278 3511 1405 3567 Locutus
1416 3501 1461 3563 est
1473 3499 1618 3562 Dominus
1626 3497 1666 3556 ad
1679 3495 1812 3570 lloysen,

93 3601 220 3672 mitem,
229 3608 256 3662 et
262 3607 445 3681 pauperemj
451 3606 607 3663 ustificate.
618 3603 725 3679 Eripite
733 3605 933 3678 pauperemet
986 3600 1090 3661 dicens
1108 3619 1114 3660 :
1135 3601 1210 3658 tlitte
1224 3597 1316 3667 viros,
1331 3594 1381 3670 qul
1404 3588 1595 3651 conciderent
1610 3591 1720 3646 terram
1735 3583 1811 3642 tiha-

95 3708 238 3768 egennm
252 3714 258 3755 :
270 3692 307 3752 dc
317 3708 411 3752 mauu
425 3695 591 3769 peccatoris
608 3691 732 3751 liberate
746 3706 826 3750 eum.
848 3692 878 3748 P.
899 3691 934 3748 at
985 3704 1076 3758 naan,
1089 3704 1182 3763 quam
1193 3687 1317 3744 daturus
1336 3697 1403 3740 sum
1418 3679 1485 3738 filiis
1500 3676 1600 3742 lsrael,
1625 3669 1760 3747 singulos
1774 3669 1812 3730 de

93 3795 280 3858 pauperem·
296 3781 326 3844 ἵ·
343 3779 450 3851 ὓῙῡῐίᾶ,
472 3787 499 3841 et
512 3782 623 3841 honor.
987 3778 1111 3852 singulis
1118 3774 1267 3841 tribubus,
1274 3760 1596 3846 exprincipibus.l⁴“eclt
1605 3767 1718 3840 tloyses
1728 3760 1813 3836 quod

139 3871 257 3927 Oratio.
272 3869 397 3941 ltxurgc,
411 3869 547 3940 Domine,
559 3869 613 3944 qui
621 3865 741 3942 judicas
760 3869 888 3926 terram:
905 3869 934 3923 et
987 3859 1466 3938 Dominusimperaverat,mittens
1477 3849 1812 3930 principesvirosdede·

96 3959 161 4035 qui
177 3954 265 4015 fldem
279 3959 415 4016 omnium
434 3960 569 4031 gentium
583 3959 652 4032 pius
668 3970 827 4031 possessor
844 3954 933 4012 inba—
987 3962 1064 4016 serto
1076 3955 1204 4021 Pharan,
1217 3966 1346 4026 quorum
1363 3949 1420 4007 ista
1435 3952 1504 4004 sunt
1517 3945 1653 4003 nomina.
1678 3941 1719 3998 lle
1733 3939 1813 3997 tribu

93 4049 245 4110 bitume
255 4047 377 4118 patiaris
388 4063 445 4104 nos
458 4045 626 4104 intenebris
637 4058 794 4102 remanere
805 4061 812 4112 ;
825 4041 933 4102 sedlac
987 4045 1103 4116 liuban,
1118 4046 1260 4101 semmua
1273 4036 1368 4096 filium
1384 4037 1505 4095 zechur.
1529 4035 1568 4091 lie
1586 4031 1665 4090 tribu
1681 4031 1812 4096 Simeon,

96 4149 176 4193 nos
187 4131 285 4189 lumen
296 4141 352 4192 ture
370 4135 503 4193 tenutis
522 4135 655 4208 aspicere
671 4135 722 4193 :nt
736 4131 934 4188 fundamenta
988 4129 1100 4206 saphat
1109 4130 1205 4187 filium
1218 4127 1297 4185 lluri.
1308 4127 1348 4184 Da
1359 4125 1438 4183 tribu
1451 4119 1535 4190 tuda,
1551 4121 1640 4180 Caleb
1652 4117 1747 4176 tilium
1766 4117 1813 4174 Je-

97 4219 189 4280 fidct
207 4227 309 4278 nostre
323 4237 382 4283 non
397 4239 489 4299 super
502 4238 636 4292 menam,
656 4235 751 4294 quam
768 4217 856 4277 turbo
880 4220 932 4276 de·
987 4221 1097 4300 phone.
1112 4216 1152 4274 De
1168 4217 1245 4274 tribu
1264 4213 1409 4281 issachar,
1434 4211 1497 4284 lgal
1517 4209 1614 4268 lilium
1629 4207 1748 4280 loseph.
1773 4204 1814 4262 Dc

90 4309 206 4385 jicieat,
222 4307 387 4369 edificemus
400 4331 408 4381 3
420 4311 473 4370 sed
485 4326 579 4385 snpra
602 4314 730 4385 petram,
746 4309 832 4381 cnjus
850 4312 882 4366 tu
899 4320 932 4366 ss
986 4303 1224 4380 tribuiiphraim,
1234 4299 1408 4362 Oseeiilium
1418 4293 1811 4368 NunDetribuBentamin,

92 4398 243 4465 firmitas,
260 4401 461 4459 conlocemus.
475 4413 509 4474 la.
523 4403 630 4457 Amen.
988 4395 1082 4455 Phalti
1090 4393 1186 4452 fllium
1195 4393 1354 4467 Raphana
1361 4381 1813 4453 trihuzabulon,t}eddieltilium

136 4491 198 4546 Per
213 4486 448 4548 misericordiam
461 4494 558 4548 tuam.
947 4455 971 4517 ⁰
986 4480 1068 4542 sodi.
1080 4481 1120 4540 De
1135 4481 1214 4540 tribu
1226 4479 1345 4554 loseph,
1367 4475 1477 4551 sceptri
1495 4477 1641 4540 Manasse,
1667 4469 1760 4568 Gaddi
1778 4467 1814 4524 n-

136 4577 354 4646 antenianus.
369 4577 511 4635 Tunobis
529 4595 570 4644 es,
591 4574 727 4642 Domine,
751 4573 933 4645 retugiuma
986 4569 1196 4630 transactae
1207 4568 1285 4626 tribu
1294 4569 1367 4634 Dan,
1379 4562 1505 4622 ammiel
1520 4561 1615 4618 filium
1627 4557 1760 4616 Gemaltr.
1773 4554 1813 4610 lte

92 4681 258 4745 pressura,
267 4683 335 4741 quae
346 4663 617 4724 circumdeditnos.
629 4664 662 4722 P.
670 4663 759 4722 tlulta
770 4667 840 4721 sunt
853 4661 933 4720 euim
987 4659 1067 4718 tribu
1079 4660 1160 4726 Aser,
1176 4653 1368 4715 Sthurlillum
1380 4650 1511 4712 ilicbael.
1527 4652 1568 4706 De
1580 4647 1659 4706 tribu
1667 4641 1813 4742 Nephtali,

93 4750 226 4827 flagella
240 4761 433 4828 peccatorum
445 4760 628 4813 nostrorum.
642 4752 674 4815 t.
689 4749 745 4809 Pro
760 4752 817 4809 hac
836 4751 935 4809 orabit
987 4745 1103 4806 Nahabl
1128 4742 1224 4803 lilium
1249 4741 1350 4818 tapsi.
1370 4743 1410 4798 De
1425 4738 1503 4798 tribu
1528 4735 1600 4805 Gad,
1626 4732 1697 4794 Guel
1717 4731 1814 4833 fluum

96 4845 141 4902 ad
154 4847 185 4900 te
195 4843 293 4900 omnis
304 4849 426 4901 sanctus
442 4843 472 4900 in
487 4844 621 4917 tempore
631 4843 812 4915 opportuno.
825 4840 855 4896 P.
865 4837 934 4899 tlnl·
987 4833 1117 4893 llaarcbi
1134 4835 1218 4892 :hac
1235 4833 1305 4889 sunt
1320 4829 1445 4888 nomina
1471 4825 1616 4892 virorum,
1641 4835 1719 4922 quos
1735 4817 1816 4878 mrslt

96 4939 141 4992 ta.
159 4931 193 4992 t.
209 4927 318 5003 Gloria,
333 4934 361 4988 ct
374 4931 483 4989 honor.
987 4923 1104 4998 Moyses
1123 4921 1162 4980 ad
1171 4914 1422 4978 considerandam
1433 4915 1542 4973 terram
1559 4927 1565 4970 :
1582 4913 1758 4984 vocantque
1770 4909 1817 4966 to-

138 5020 256 5081 Oratio.
273 5021 316 5077 Da
331 5016 420 5077 nobis
432 5017 557 5077 Domine
567 5021 760 5092 peccatorum
782 5015 933 5074 remissio·
988 5024 1043 5068 sue
1059 5007 1155 5068 tilium
1170 5011 1235 5067 Nun
1251 5024 1257 5065 ε
1274 5006 1430 5076 misltergo
1446 5017 1498 5060 eos
1509 4999 1549 5058 ad
1565 4994 1816 5058 considerandam

94 5125 188 5172 nem,
199 5108 396 5182 qnipurgatis
404 5113 512 5182 praesta
521 5105 740 5164 beatitudinem
753 5123 760 5161 :
773 5098 934 5176 sseesto
987 5100 1097 5156 terram
1120 5095 1319 5161 chananaei
1341 5093 1413 5150 dixit
1428 5089 1467 5148 ad
1490 5102 1542 5147 eos
1568 5099 1575 5145 t
1595 5087 1750 5144 ascendite
1764 5095 1817 5157 per

92 5197 254 5266 retugium
270 5211 289 5254 a
304 5211 442 5270 pressura
454 5191 667 5263 damnationis,
687 5193 740 5266 qul
754 5191 886 5249 indultor
899 5207 932 5249 es
987 5185 1186 5244 meridianam
1196 5183 1327 5258 plagam.
1342 5181 1475 5252 cumque
1485 5175 1624 5235 veneritis
1634 5175 1675 5232 ad
1687 5174 1812 5230 ruentes,

90 5285 246 5344 libertatis
262 5304 270 5344 :
287 5287 316 5341 et
326 5285 380 5357 qui
387 5282 482 5341 multa
496 5281 614 5352 flagella
629 5285 821 5356 peccatorum
837 5280 869 5336 in
880 5294 933 5338 no
988 5271 1173 5331 considerate
1185 5273 1305 5334 terram,
1316 5265 1413 5340 qualis
1426 5266 1464 5322 sit
1481 5281 1487 5322 ε
1504 5265 1533 5323 et
1546 5261 1692 5338 populum
1706 5255 1757 5330 qul
1767 5253 1817 5350 ha:

89 5375 145 5433 bis
162 5373 256 5446 plaga
268 5373 407 5430 inruente
427 5371 581 5442 sentimus,
596 5371 627 5428 in
642 5372 670 5428 te
686 5368 865 5435 confitendo,
880 5367 933 5425 cir·
987 5359 1097 5420 bltator
1110 5363 1154 5415 est
1180 5357 1245 5430 etus
1255 5361 1355 5413 utrum
1365 5353 1449 5412 tortis
1462 5353 1548 5411 sitan
1558 5349 1695 5408 infirmus
1711 5353 1818 5414 :pauci

90 5460 305 5522 cumdarinos
316 5464 369 5518 tua
379 5459 583 5519 misericordia
593 5455 769 5525 sentiamus,
778 5467 811 5532 tp.
824 5457 930 5516 Amen.
987 5443 1274 5520 numetoanplures
1286 5423 1818 5519 tipsttetrbb01²³⁸¹1m³¹³²¹¹fb⁰⁸

131 5548 461 5610 Permisericordiam.
987 5511 1819 5617 qualeamttrutaeanabsduemuristlrumus,pinguis
