4117 6175
237 276 301 335 1091
885 231 1111 319 hhhvrlallhl
1130 230 1327 317 domicilii.

238 391 357 463 venisli,
372 411 434 453 non
445 368 707 464 solvere‚innobis
722 366 872 459 Evangelii
883 385 1101 460 gratiamdi-ii
1187 386 1350 441 venustum
1365 372 1476 440 leslum
1492 403 1499 444 ε
1516 383 1613 455 gratia

235 486 336 559 gnaris
347 483 516 559 opulentius
530 496 708 555 propagare.
722 490 757 549 lp.
776 481 880 533 limen.

271 576 324 633 Per
338 570 585 631 misericordiam.

269 674 302 738 lp.
318 644 411 730 Nune,
428 658 563 738 Domine,
575 657 662 715 dabis
671 651 843 732 populetuo
856 666 961 726 pacem
971 669 977 709 :
988 648 1060 727 quia

233 748 374 811 viderunt
387 750 466 808 oculi
486 748 545 805 mei
561 746 688 805 salutare
709 750 804 801 tuum.
828 744 858 799 P.
881 727 994 798 Lumen
1018 740 1059 798 ad

232 840 446 899 revelationem
457 838 601 896 Gentium.
614 834 646 897 i.
654 827 876 890 iocunditatem
886 826 1057 887 iecistioum

129 966 132 980 ·
233 946 319 988 servo
328 935 390 997 tuo,
398 922 708 992 nominesecundum
716 918 842 977 verbum
853 922 947 978 tuum.
960 913 991 975 P.
1003 920 1057 977 Lu-

232 1035 314 1077 men.
339 1018 372 1081 v.
389 1016 495 1081 Gloria,
512 1014 659 1073 ethonor.
675 1014 704 1067 P.
718 1010 842 1067 Lumen.

269 1110 381 1165 Oratio.
397 1104 592 1177 Omnipotens
614 1098 692 1157 Deus
705 1100 789 1156 Pater
801 1102 830 1154 ei
842 1096 976 1168 Domine,
994 1096 1057 1152 iar·

232 1198 294 1271 gire
308 1192 440 1253 credenti
453 1198 505 1250 tuo
520 1185 632 1265 populo
646 1204 754 1263 pacem
775 1205 782 1241 z
798 1189 840 1252 ut,
854 1184 906 1258 qui
922 1185 1056 1243 Saluiare

231 1292 318 1345 tuum
339 1282 478 1349 vidimus,
502 1281 614 1336 visione
630 1276 732 1349 gratiae
756 1274 814 1332 luae
838 1289 1030 1330 muneremur
1048 1288 1055 1328 2

232 1378 276 1443 Ut,
296 1374 348 1449 qui
368 1370 470 1429 lumen
495 1367 533 1423 ad
552 1364 764 1423 revelationem
792 1358 884 1419 extitit
907 1361 1054 1427 Gentium,

231 1461 362 1522 indultor
379 1455 539 1515 eriminum
551 1450 680 1529 ipsemet
700 1448 884 1509 credentium
901 1449 1055 1508 sentiatur.

231 1562 264 1623 p.
276 1551 381 1605 Amen.

265 1640 328 1696 Per.

531 1722 567 1777 In
591 1717 752 1777 laudidus.

264 1816 313 1873 Ad
327 1812 496 1873 Canticum.
511 1808 694 1881 Antiphone.
723 1797 917 1863 Laeiabuntur
938 1822 1056 1863 omnes.

229 1906 398 1967 Canticum.
419 1904 459 1958 he
470 1902 558 1957 nocte
574 1897 686 1969 vigilat.
701 1894 811 1954 Oratio.
833 1896 921 1965 iieue,
936 1893 988 1970 qui
1002 1911 1057 1953 no·

229 2002 294 2056 tum
309 1990 416 2053 iecisti.
430 1987 488 2063 foi.
506 1992 550 2045 64.

263 2085 329 2139 Atia
341 2078 515 2152 Antiphone
529 2076 566 2133 de
581 2074 714 2133 Cantico.
732 2073 792 2145 Ego
803 2074 833 2130 ln
848 2072 976 2133 Domino
997 2074 1062 2147 glo·

230 2170 334 2229 riahor
349 2185 355 2223 :
370 2162 509 2237 gaudebo
529 2164 559 2219 in
573 2164 633 2220 Deo
646 2160 717 2218 lesu
731 2178 809 2219 meo.

495 2251 651 2309 Canticum
665 2250 763 2323 (Luca
773 2250 803 2323 ι).

262 2346 345 2403 Nunc
366 2333 491 2399 dimitiis
512 2355 631 2396 servum
651 2330 747 2407 tunm,
768 2322 903 2407 homine,
917 2341 927 2363 “
942 2354 1037 2397 secun

227 2436 302 2493 dum
313 2430 441 2489 verbum
456 2424 582 2487 tuumin
593 2443 668 2503 pace
684 2443 690 2483 :

262 2520 337 2590 Quia
354 2520 491 2577 viderunt
506 2516 585 2574 oeuii
600 2514 660 2573 mei
678 2513 808 2574 salutare
824 2522 919 2588 tuum,
934 2516 1059 2591 *quod-

231 2606 342 2688 parasti
358 2614 428 2667 ante
442 2604 549 2665 faeiem
561 2600 697 2662 omnium
711 2595 904 2679 populorum.

261 2701 375 2755 Lumen
394 2696 433 2752 ad
447 2692 660 2751 revelationem
681 2694 824 2766 gentium,
840 2693 855 2725 ¹
876 2693 905 2752 el
920 2690 1047 2766 gloriam

224 2782 320 2860 plebis
334 2788 394 2843 tuae
405 2782 507 2841 israel.

260 2876 308 2931 Ad
319 2873 503 2931 Benedictus.
518 2870 701 2943 Antiphone.
716 2865 780 2928 Tibi
801 2870 859 2929 soii
872 2860 931 2929 ileo
946 2868 1052 2939 bonor,

224 2961 368 3035 etgioria,
393 2962 494 3028 virtus,
519 2965 548 3017 at
574 2962 704 3032 potestas
728 2955 760 3015 in
789 2960 899 3017 seacula
927 2960 1053 3018 saeeulo-

228 3068 306 3110 rum.

264 3141 435 3198 Canticum.
452 3130 701 3206 Benedictussoi.
713 3139 739 3192 6.
756 3135 840 3193 Sono.
855 3135 987 3196 Alleluia.
1003 3132 1054 3197 Ju-

224 3231 304 3290 stitia
315 3235 360 3286 est
375 3226 464 3302 plena
479 3227 601 3284 dextera
611 3230 676 3283 tue.
691 3223 886 3296 soh-mxxxii.

261 3319 373 3378 Lauda.
389 3313 520 3375 laudate
533 3315 692 3372 Dominum
704 3310 741 3371 de
751 3310 977 3374 Coeilsalieiuiae
988 3315 1051 3376 iau·

222 3409 291 3468 date
305 3424 376 3465 eum
390 3403 422 3464 in
433 3403 557 3464 excelsis
569 3401 698 3461 alleluia.
716 3403 845 3462 Laudaie
861 3417 930 3462 eum
941 3419 1048 3464 omnes

222 3497 433 3570 angelique:
454 3493 573 3552 laudate
595 3503 665 3550 eum
686 3502 792 3550 omnes
813 3493 936 3552 virtutes
961 3493 1048 3568 ejus:

223 3579 357 3654 Alleluia,
377 3578 506 3654 alleluia,
523 3579 651 3639 alleluia.
668 3579 803 3638 Psalmus
819 3595 932 3639 exenni.

260 3664 428 3744 rai-optutu.
459 3670 536 3728 Audi
557 3687 615 3735 me,
643 3670 747 3740 Jacob,
772 3675 801 3727 et
821 3671 921 3738 israel,
946 3687 1048 3745 quem.

219 3765 276 3835 sol.
298 3766 342 3820 65.
362 3763 501 3833 Hymnus.
523 3759 787 3818 SacerPuritatum
810 3759 882 3816 dies.
899 3759 1003 3828 Quare
1016 3760 1049 3819 id

225 3849 359 3921 vesperis
364 3849 603 3922 precedentium.
616 3849 655 3906 Ει
663 3847 1049 3920 supplicatimilremusiie-

220 3936 1050 4012 demptorem.Capituludotumfactumestsaiutereho·

219 4027 306 4086 mini.
321 4029 378 4100 tbi.
392 4031 438 4085 65.
459 4027 572 4085 leuda.
597 4025 801 4084 Adnuncietur
813 4026 845 4082 in
856 4025 926 4084 Sion
936 4043 1050 4086 nomen

220 4117 379 4186 hominist
390 4115 741 4188 lausileuedtcttoiitqui
750 4114 896 4172 Simeonis
904 4115 1049 4186 justima·

219 4207 322 4266 nibus.
337 4207 442 4276 Quare
448 4206 480 4262 in
494 4203 624 4274 vesperis
629 4203 872 4274 praecedentibus,
883 4203 941 4273 tht.
951 4217 1046 4261 cmix.

470 4294 527 4349 titii
550 4295 572 4347 V
599 4292 795 4348 rennuenti.

254 4397 281 4442 tu
299 4394 386 4441 rrsro
405 4395 516 4438 seuera
530 4392 648 4436 acerna
668 4393 789 4436 vinarius
809 4391 842 4435 rr
861 4393 1009 4439 uenrrrus.

514 4468 564 4525 Ad
580 4469 746 4540 vesperum.

252 4561 366 4620 Laudo.
393 4558 529 4636 speravit
554 4558 654 4616 anime
678 4572 746 4616 mea
767 4557 798 4614 in
820 4557 958 4617 Domino.
986 4561 1044 4633 soi.

217 4667 330 4711 cmix.

252 4743 343 4802 sono.
356 4738 500 4797 Dominus
516 4740 592 4794 heus
608 4735 674 4795 ooeli
688 4734 846 4794 benedicat
859 4735 913 4795 tihi
927 4753 934 4792 t
946 4735 1044 4796 honor

216 4831 302 4904 regni
313 4829 431 4890 dabitur
445 4829 578 4886 iamenu
589 4832 657 4896 tua3
674 4828 703 4883 P.
715 4827 749 4884 El
762 4818 933 4884 adorabunt
940 4842 1043 4886 coram

216 4925 243 4979 te
256 4921 308 4978 iiiii
327 4919 489 4978 muitarum
506 4917 660 4990 genitum:
680 4913 810 4974 alleluia.
826 4915 858 4980 ti.
881 4914 1044 4982 luditilla

216 5008 378 5083 stonquia
389 5008 518 5066 exaltata
527 5025 571 5080 es,
583 5012 612 5064 et
621 5005 712 5064 iacies
724 5009 775 5062 tua
784 5004 877 5076 fulget
885 5003 917 5061 in
930 5004 1041 5078 templo

214 5098 286 5154 Dei:
302 5097 351 5154 Sol
371 5098 494 5169 justitia
511 5097 544 5153 iu
558 5111 664 5170 gressu
683 5100 735 5152 tuo
761 5095 872 5151 orietur
887 5113 894 5153 :
910 5091 1039 5152 alleluia.

214 5185 247 5247 P.
264 5187 297 5244 at
307 5185 485 5244 adorabunt.

1186 472 1305 549 [curru]
1320 467 1456 530 Laudum
1471 474 1614 548 deprome
1635 478 1780 546 earmina,

1185 562 1361 634 Christoque
1370 566 1442 618 vota
1453 559 1599 623 maxima.

1219 652 1310 707 Beata
1323 649 1407 719 virgo
1419 650 1549 721 Agatha,

1183 738 1253 795 Fide
1267 742 1296 795 et
1313 737 1395 795 clare
1408 739 1552 808 germine,

1183 826 1283 885 iiundi
1293 826 1429 883 refellens
1441 828 1543 900 noxia,

1182 914 1298 987 Adepta
1309 917 1353 972 est
1367 909 1506 975 coelestia.

1217 1005 1285 1060 flaec
1300 1003 1430 1075 graviter
1439 1004 1589 1066 Christum
1608 1023 1726 1081 amans,

1182 1096 1346 1167 ipsumque
1361 1092 1461 1151 solum
1477 1097 1655 1169 predicans,

1181 1184 1306 1240 Extenta
1313 1183 1399 1254 jussu
1413 1183 1559 1257 Proesidis,

1181 1274 1316 1329 arctatur
1328 1272 1431 1329 inimo
1444 1274 1585 1333 carceris.

1219 1358 1294 1417 Saevi
1306 1358 1404 1417 lurore
1417 1360 1528 1433 judicis

1182 1445 1288 1508 Christi
1307 1447 1409 1523 puelia
1425 1452 1559 1520 territur;

1182 1538 1240 1596 Sed
1258 1536 1341 1609 virgo
1360 1543 1464 1597 saneta
1477 1541 1578 1614 impiis

1181 1626 1287 1682 Libere
1302 1626 1399 1683 renuit
1411 1627 1480 1685 aris.

1216 1713 1259 1771 Tu
1272 1730 1353 1771 nunc
1366 1712 1490 1774 demum
1504 1717 1612 1792 ltartyr
1629 1720 1727 1778 aenas

1183 1804 1326 1860 Adlieeris
1340 1804 1515 1863 verberibus
1526 1824 1534 1873 ς

1185 1892 1311 1949 Pectoris
1323 1894 1436 1967 papilia
1450 1895 1570 1962 tollitur,

1185 1982 1367 2055 castumque
1377 1997 1487 2055 eorpus
1499 1985 1642 2043 tunditur.

1220 2074 1344 2141 itagnus
1359 2071 1411 2128 sed
1426 2065 1535 2131 Christi
1545 2077 1654 2133 senior.

1186 2157 1349 2232 Disrumpit
1361 2159 1492 2218 claustra
1504 2164 1629 2221 carceris
1646 2175 1653 2221 t

1185 2247 1291 2304 Reddit
1300 2248 1443 2323 papillam
1458 2247 1615 2322 integram,

1185 2336 1334 2409 curatque
1347 2338 1451 2395 omnia
1470 2339 1600 2399 vulnera.

1221 2424 1266 2483 Sic
1285 2426 1327 2481 sic
1339 2422 1439 2499 puella
1448 2429 1578 2487 sanctior

1183 2516 1275 2573 Tanto
1289 2515 1397 2589 adepta
1414 2519 1549 2589 premio,

1183 2603 1266 2661 Genu
1277 2605 1394 2662 orando
1406 2604 1545 2671 tleetitur,

1182 2692 1328 2767 Puditque
1345 2690 1578 2769 eoelospiritnm.

1215 2786 1281 2840 itox
1293 2799 1425 2858 namque
1439 2782 1537 2841 ciariis
1548 2784 1668 2857 juvenis

1179 2870 1331 2928 Tabeliam
1351 2873 1493 2945 scriptam
1508 2873 1654 2941 deferens,

1182 2956 1275 3017 tiente
1290 2955 1376 3018 saera
1388 2963 1592 3034 pronuncians

1180 3047 1390 3108 belensionein
1409 3048 1524 3112 Patria.

1213 3143 1298 3207 item,
1312 3139 1423 3197 montis
1438 3141 1552 3199 AEthnoe
1562 3140 1736 3202 incendium

1178 3229 1271 3287 Cursu
1281 3227 1355 3286 dum
1364 3226 1555 3303 rapidissimo

1176 3312 1221 3374 tid
1240 3315 1346 3376 urbem
1361 3333 1490 3395 pronum
1501 3319 1636 3390 fleodtur,

1176 3407 1271 3464 Claret
1281 3407 1387 3481 pueiiae
1403 3411 1551 3471 meritum.

1212 3496 1322 3553 Tunee
1338 3497 1498 3571 sepulchro
1513 3500 1645 3574 Martyris

1175 3584 1260 3642 Plebs
1276 3601 1396 3642 sacrum
1406 3587 1507 3644 velum
1519 3586 1665 3661 deterunt,

1175 3671 1267 3744 Cujus
1282 3670 1333 3745 pia
1345 3673 1510 3745 praesentia

1120 3761 1129 3778 ⁶
1174 3759 1324 3832 Extinguit
1337 3775 1408 3818 mox
1424 3760 1573 3832 incendia,

1200 3850 1266 3909 tam
1281 3851 1368 3923 Virgo
1383 3867 1464 3910 nune
1476 3849 1666 3915 sanctissima

1173 3939 1255 3996 Plebi
1269 3937 1349 3997 fideii
1361 3956 1487 4014 proroga

1174 4028 1371 4086 Peccatorum
1390 4029 1620 4104 indulgentiam.

1175 4115 1258 4175 Pacis
1272 4117 1427 4175 reddendo
1439 4122 1601 4180 commoda
1615 4136 1622 4180 :

1211 4207 1283 4272 Quae
1299 4207 1371 4263 olim
1382 4207 1519 4267 concives
1533 4215 1600 4267 tuos

1174 4294 1281 4367 htagno
1294 4293 1334 4352 ab
1349 4294 1419 4367 igne
1434 4297 1522 4371 eruis,

1170 4387 1213 4442 Pu
1224 4383 1317 4442 redde
1330 4401 1386 4443 nos
1393 4385 1458 4458 jaim
1468 4387 1576 4446 liberos

1171 4476 1246 4544 iugo
1256 4479 1372 4531 remoto
1391 4474 1533 4548 pessimo.

1206 4561 1249 4619 Sit
1262 4563 1388 4632 cunctis,
1405 4566 1442 4622 sit
1454 4563 1593 4625 fidelibus

1169 4652 1263 4708 Locus
1277 4651 1374 4724 quiete
1390 4650 1528 4726 placidus
1545 4675 1552 4714 ι

1167 4739 1300 4798 Tuteiam
1316 4747 1425 4813 presta
1438 4745 1591 4818 orphanis,

1168 4827 1401 4903 subsidiumque
1413 4832 1522 4889 viduis.

1203 4916 1411 4985 Proesta,Peter
1422 4919 1565 4993 piissime,

1167 5005 1303 5081 Patrique
1318 5023 1443 5081 compar
1457 5011 1555 5079 Unice,

1166 5097 1241 5155 Cum
1255 5095 1365 5169 Spiritu
1378 5097 1522 5156 Pareeiito

1167 5174 1305 5257 ilegnans
1320 5199 1373 5258 per
1387 5200 1476 5243 omne
1489 5187 1645 5247 saeculum.

249 5273 435 5346 Antiphone.
448 5273 535 5345 Virgo
547 5271 791 5350 prudentissima,
809 5288 870 5346 quo
883 5269 1042 5346 progrede·
1219 5277 1324 5331 Amen.

214 5365 255 5422 ris
269 5365 283 5426 i
298 5355 861 5508 Laudo.Speaie,etlpu10hritudinetua.
875 5361 1039 5433 solcum.
1130 5363 1330 5463 supplicatio.
1365 5366 1501 5436 oremus,
1538 5375 1653 5428 mutato
1687 5368 1817 5432 nominc.
1848 5372 1925 5448 sotio

581 5465 699 5521 ymnus.
1094 5462 1250 5511 eaxxxvm.

319 5529 439 5616 adesto,
455 5539 542 5616 plebs
554 5535 714 5612 fidissime,
1130 5538 1286 5615 cumen.
1305 5543 1384 5604 neus
1397 5542 1532 5608 conlator
1548 5528 1922 5622 tusuhh,itet‘siiirionte
