4117 6175
224 285 279 342 319
852 263 1077 325 nannenten
1096 262 1293 324 GOTHICUM.
1873 256 1925 315 320
2047 262 2048 269 ’

529 399 579 459 Ad
596 395 737 455 Tertium.
1065 390 1181 459 Aveni,
1202 389 1320 448 mittem
1334 388 1363 446 te
1375 386 1415 446 sd
1433 398 1495 443 eos.
1517 384 1582 450 Quo
1596 380 1806 455 respondente,
1818 380 1931 441 Proeto

436 488 665 548 proverbiorum
676 483 761 557 (cap.
777 483 836 548 xv).
1104 496 1183 547 sum,
1192 479 1235 538 ait
1250 495 1257 535 :
1271 477 1361 549 Vede,
1371 474 1471 533 etvidc
1486 472 1512 530 si
1521 474 1629 529 cuncte
1641 485 1784 544 prospere
1795 469 1932 544 sinterge

258 596 293 657 lp.
309 585 371 641 Deo
382 580 503 653 mades.
1102 568 1290 633 betrestucs,
1299 568 1443 639 etpecore
1454 580 1461 618 ι
1472 558 1930 633 streuuntiamitsiquidcgetur.

260 672 325 740 Fili,
337 670 393 727 Cor
404 666 545 741 sapientis
562 662 669 739 querit
682 660 850 720 doctrinm
866 662 916 717 :et
932 674 968 717 os
979 658 1050 718 stul·
1102 656 1206 714 Missus
1221 653 1258 712 de
1268 653 1348 711 Velle
1359 652 1488 723 Hebron,
1507 647 1630 708 venitin
1646 646 1766 705 Sichem
1781 665 1788 704 :
1803 648 1931 707 iuvenit-

222 748 1047 833 torumpasciturimperitieDmnesdiespeuperis,mati:
1101 761 1161 821 que
1172 760 1243 803 eum
1252 743 1298 801 vir
1307 744 1455 801 errantem
1465 739 1496 797 in
1506 753 1590 811 egro,
1602 742 1632 795 et
1643 737 1839 809 interrogavit
1852 738 1928 812 quid

223 862 421 909 securamens
431 837 1048 920 qussijugeconviviumrtebusestparum
1101 838 1255 909 quareret.
1271 831 1364 890 Atilia
1377 828 1534 905 respondit
1549 846 1556 886 :
1572 828 1685 885 Fratres
1696 842 1781 884 meos
1795 842 1900 901 quero
1918 845 1925 884 :

224 954 295 997 cum
303 926 1049 1006 timoreDominiquemtbesaurimegniinsaticbi-
1101 922 1202 981 indice
1215 922 1289 979 mibi
1308 920 1361 978 ubi
1375 921 1499 994 pescant
1517 930 1633 989 greges.
1659 914 1796 989 Dixitque
1815 916 1843 973 ei
1855 916 1925 974 vir:

223 1028 278 1085 les.
296 1024 398 1082 Delius
408 1028 453 1081 est
465 1021 568 1080 voceri
582 1019 710 1078 edolare
724 1033 793 1075 cum
804 1016 1049 1089 charitatequem
1101 1014 1295 1070 Decesserunt
1307 1008 1424 1067 deloco
1437 1007 1496 1064 isto
1512 1024 1519 1062 :
1533 1004 1636 1063 cudivi
1647 1008 1747 1061 cutem
1762 1019 1815 1062 eos
1827 1004 1927 1061 dicen-

225 1115 266 1173 ed
276 1112 402 1170 vituium
408 1111 580 1183 saginatum
587 1123 658 1165 cum
664 1107 749 1165 odio.
758 1103 1049 1178 Viriracunduspro-
1101 1104 1145 1159 tes
1159 1112 1167 1162 :
1181 1102 1292 1157 Eamus
1301 1099 1332 1157 in
1342 1096 1489 1156 Dotheim.
1498 1093 1628 1151 Perrexit
1635 1092 1731 1167 itaque
1737 1093 1847 1168 ioseph
1856 1096 1927 1167 post

223 1201 403 1259 vocatrixas
417 1196 770 1273 :quipatiensestlw
781 1193 1048 1266 mitigstexteutes.
1102 1189 1208 1247 irctres
1227 1204 1311 1256 suos,
1325 1189 1355 1244 et
1372 1184 1483 1243 invenit
1497 1198 1550 1241 eos
1566 1183 1598 1240 in
1617 1182 1765 1239 Dothaim.
1780 1182 1837 1250 Qui
1854 1198 1928 1240 cum

223 1294 281 1349 iter
293 1289 447 1364 pigrorum
456 1288 547 1363 qussi
556 1300 642 1361 sepes
651 1285 807 1359 spinarum
824 1283 1050 1355 :visiustcrum
1102 1277 1248 1336 vidissent
1259 1292 1329 1334 eum
1343 1273 1459 1349 procui,
1474 1277 1638 1346 antequem
1648 1270 1849 1329 accederetad
1864 1287 1928 1339 eos,

224 1371 1050 1452 absquccffendiculo.Filiussapieusbetiticatpetrem:
1104 1360 1702 1439 cogitaveruntitlumoccidere:etmutuo
1710 1358 1928 1433 loquebantur:

224 1470 254 1525 et
267 1461 733 1537 stultushomodespicit'matrem
744 1459 1051 1531 suem.Stuttitiageu-
1103 1456 1177 1511 Ecce
1188 1452 1353 1512 somniator
1370 1450 1468 1509 venit:
1490 1448 1598 1516 venite,
1613 1446 1788 1505 occidemus
1801 1463 1881 1519 eum,
1901 1451 1932 1506 et

225 1554 311 1613 dium
327 1554 419 1611 stulto
435 1569 442 1608 ε
457 1557 488 1610 et
497 1550 543 1608 vir
553 1550 687 1625 prudens
697 1550 806 1621 diriget
828 1563 951 1619 gressus
966 1564 1049 1607 suos.
1103 1542 1254 1600 mittamus
1267 1542 1299 1598 in
1313 1540 1474 1598 cisternam
1482 1540 1613 1595 veterem
1625 1554 1632 1594 ε
1646 1536 1931 1609 dicemusqus,Fere

226 1643 414 1717 Dissipentur
424 1640 615 1711 cogitationes
624 1638 678 1696 ubi
689 1642 803 1696 nonest
812 1636 987 1695 consitium:
996 1635 1050 1695 ubi
1104 1631 1237 1705 pessime
1247 1628 1402 1688 devorevit
1411 1642 1481 1686 eum
1496 1643 1503 1683 :
1518 1628 1547 1684 et
1559 1630 1629 1683 tunc
1641 1622 1801 1698 apparebit
1808 1623 1881 1697 quid
1887 1622 1932 1681 illi

225 1728 407 1802 veroplures
421 1732 492 1785 sunt
500 1726 671 1793 consiliarii,
678 1726 906 1784 confirmantur.
925 1728 1052 1784 bortatur
1066 1740 1089 1798 B
1104 1720 1219 1794 prosint
1229 1718 1347 1777 somnis
1358 1733 1423 1775 sue.
1435 1715 1678 1773 Audienseuiem
1687 1712 1753 1770 brec
1763 1712 1876 1785 liuban,
1885 1712 1931 1769 ni-

226 1815 1053 1888 homcinseotentiaorissui:etsermoopportunusest
1103 1800 1926 1871 tebeturliberereeumdemanibuseorum,ctdicebet:

226 1902 1051 1980 optimussemitavitoesupereruditum,utdcclinetde
1104 1892 1928 1965 Noninterficiemuecnimemejus‚ueceitundemussen-

226 1994 342 2052 interno
349 1991 660 2051 novissimo.Dcmum
668 1990 866 2065 superborum
875 1990 1051 2049 demolietur
1103 1986 1226 2059 guinem
1241 2001 1249 2042 :
1263 1984 1317 2043 sed
1329 1982 1464 2058 projicite
1482 1998 1553 2040 eum
1567 1982 1598 2040 in
1612 1981 1772 2039 cisternam
1783 1984 1924 2052 veterem,

226 2082 370 2140 Dominus
383 2100 391 2140 ι
407 2082 546 2139 ctfirmos
557 2080 645 2137 teciet
656 2080 799 2139 terminos
812 2079 920 2137 viduus.
929 2079 1051 2136 Abomi-
1103 2090 1172 2150 quer
1181 2078 1226 2133 est
1236 2075 1269 2132 in
1282 2073 1450 2141 solitudine,
1460 2086 1630 2145 manusque
1643 2073 1873 2129 vestresservete
1883 2072 1928 2127 in-

226 2172 309 2231 natio
323 2170 443 2229 Domini
457 2169 652 2241 cogitationes
674 2168 763 2227 meloe
779 2184 786 2224 :
802 2171 832 2226 et
845 2184 940 2242 purus
951 2183 1050 2227 sermo
1103 2163 1227 2223 noxias:
1246 2164 1304 2222 hoo
1316 2166 1417 2223 eutem
1430 2161 1560 2231 dicebat,
1573 2159 1675 2219 volens
1689 2160 1801 2233 eripere
1810 2158 1927 2217 eumde

225 2259 447 2334 pulcherrimus
460 2257 680 2318 itrmcbiturab
693 2272 740 2316 eo.
754 2257 917 2316 conturbet
923 2255 1051 2314 domum
1103 2252 1244 2311 menibus
1268 2267 1383 2319 eorum,
1405 2254 1435 2309 ct
1452 2249 1577 2309 reddere
1592 2248 1670 2322 petri
1680 2263 1745 2306 suo·
1766 2247 1929 2307 contusum

226 2362 315 2407 suem
323 2347 377 2422 qui
390 2345 524 2421 sequitur
541 2346 699 2405 avaritiam
721 2345 773 2419 qui
789 2348 890 2404 eutem
904 2344 967 2404 odit
985 2360 1052 2402 mu·
1103 2342 1192 2413 igitur
1205 2344 1238 2397 ut
1250 2341 1385 2414 pervenit
1398 2339 1438 2397 ed
1449 2338 1556 2396 iratres
1566 2352 1647 2404 suos,
1656 2336 1847 2396 nudeverunt
1857 2351 1929 2395 eum

225 2452 309 2503 nera,
324 2435 412 2494 vivet.
426 2440 480 2493 Per
490 2435 729 2494 misericordium
738 2438 769 2493 et
778 2434 872 2493 fldem
885 2438 1052 2508 purgentur
1103 2430 1205 2489 tunica
1215 2428 1302 2488 telari
1315 2429 1499 2502 etpolymite
1513 2426 1739 2500 :miseruntque
1754 2442 1824 2483 eum
1835 2426 1931 2483 incis-

226 2524 685 2599 peccatezpcrtimoremeutem
693 2522 1051 2582 Dominideclinetomnis
1103 2514 1931 2591 ternamveteremquenonbabebetaquamiitsedcn-

227 2611 1051 2686 emelo.Densiustimeditnbiturobedientiam:ocim-
1106 2604 1826 2679 tesutcomederentpanem‚videruntlsmeelites
1836 2604 1932 2663 vieto-

226 2702 344 2776 piorum
357 2703 503 2760 redundet
516 2701 943 2775 amatis.LongeestDominus
952 2700 1052 2759 ubim-
1103 2712 1151 2755 res
1164 2698 1265 2755 venire
1278 2696 1317 2754 de
1329 2696 1452 2765 Gelaad,
1466 2697 1496 2754 et
1505 2693 1760 2763 cemelcseorum,
1775 2696 1929 2767 portantes

225 2790 286 2864 piis
301 2808 310 2849 ε
325 2793 355 2848 et
372 2790 522 2849 orationes
531 2792 683 2863 justorum
700 2790 849 2849 exaudiet.
865 2801 898 2862 lp.
908 2792 1014 2849 Amen.
1104 2791 1251 2856 momate,
1267 2789 1296 2845 et
1308 2788 1451 2856 resinam,
1464 2788 1492 2843 ct
1506 2788 1618 2853 sacten,
1628 2784 1660 2841 in
1671 2782 1932 2858 AEgyptumDirit

395 2880 493 2937 Lectio
505 2880 577 2937 tibsr'
589 2880 709 2938 &actu
719 2880 803 2953 (Cup.
820 2882 877 2947 37).
1104 2890 1176 2948 ergo
1194 2875 1288 2933 Judas
1299 2874 1443 2933 iratribus
1463 2873 1546 2931 suis:
1565 2872 1640 2939 Quid
1656 2872 1744 2930 nobis
1766 2870 1888 2945 prodest
1904 2871 1930 2929 si

263 2970 324 3024 Deo
336 2967 456 3036 gratim
1104 2964 1301 3022 occiderimus
1309 2964 1431 3022 iretrem
1444 2966 1590 3028 nostrum,
1604 2962 1633 3017 et
1644 2960 1838 3018 celaverimus
1858 2975 1929 3017 san·

262 3056 296 3110 in
313 3052 484 3110 iitisdiebus
499 3054 627 3128 ;Jcseph
642 3069 712 3112 cum
721 3054 853 3112 sedecim
865 3059 944 3115 essct
956 3070 1051 3115 anno·
1065 3093 1087 3152 C
1103 3052 1226 3126 guinem
1234 3051 1458 3127 ipsiusiitelius
1466 3054 1511 3110 est
1518 3054 1549 3109 ut
1560 3050 1744 3109 venundetur
1758 3048 1926 3120 lsmeelitis,

225 3155 301 3212 rum,
315 3141 454 3213 poscebat
476 3155 597 3214 gregem
619 3158 689 3200 cum
711 3142 851 3202 tratribus
870 3146 931 3203 suis
950 3147 1050 3204 adhuc
1104 3140 1625 3216 etmanusnostraencnpoiiuentur:
1637 3139 1925 3198 tretcreuimetcaro

225 3242 319 3302 puer:
336 3231 365 3285 et
377 3231 442 3287 erat
455 3243 525 3286 cum
542 3228 611 3286 tiliis
632 3228 711 3288 Balsa
731 3233 761 3288 et
780 3231 897 3305 Zelpbte
920 3248 1051 3292 uxorum
1103 3233 1206 3288 nostra
1220 3231 1273 3287 est.
1288 3229 1616 3304 Aequieveruntiretres
1629 3227 1817 3287 sermonibus
1830 3227 1923 3284 itlius.

225 3317 319 3376 Patris
335 3317 402 3375 sui:
419 3317 632 3393 accusavitque
639 3318 744 3378 babes
758 3336 830 3379 suos
844 3323 927 3396 apud
933 3326 1049 3398 patrem
1104 3319 1139 3374 Et
1148 3317 1396 3390 pretereuntibus
1409 3317 1575 3376 ttediecitis
1585 3316 1925 3388 negotiatoribus,ertrc·

226 3407 351 3466 cnmine
364 3408 720 3482 pessimo.1sraelautem
734 3409 1051 3484 ditigebatiosephsu-
1103 3406 1322 3464 benteeeunde
1334 3407 1472 3474 cisterna,
1487 3405 1689 3465 vendiderunt
1696 3421 1766 3463 eum
1772 3403 1928 3462 ismaelitis

226 3511 278 3569 per
286 3510 394 3554 omnes
404 3496 482 3556 titios
493 3512 575 3566 suos,
586 3512 623 3555 eo
636 3497 719 3571 quod
728 3497 762 3555 in
775 3502 925 3558 senectute
932 3501 1051 3572 genuis-
1103 3494 1208 3565 viginti
1222 3495 1390 3566 argenteis:
1405 3495 1457 3570 qui
1465 3494 1616 3553 duxerunt
1628 3494 1737 3552 cumin
1754 3495 1928 3568 AEgyptum.

227 3587 271 3641 sat
280 3600 350 3642 eum
365 3584 452 3644 :facit
464 3585 491 3644 ei
501 3587 633 3645 tunicam
646 3587 834 3661 polymitam,
845 3588 987 3647 vidente,
998 3606 1051 3648 gu.
1103 3583 1420 3656 Reversusqueituben
1429 3583 1470 3641 ad
1484 3583 1656 3655 cisternam,
1670 3581 1929 3654 noninvenitpue-

226 3672 1051 3750 temiratraaejfflquodapamplugeuncfisfflfigm.
1103 3687 1172 3730 rum
1186 3670 1929 3745 :etscissisvestibuspergcnsadtratressuescitr

225 3763 316 3828 retur.
329 3762 1052 3842 oderanteum,nccpoteruntsiquidquampaoi.
1104 3759 1930 3835 Puernoncomperet,etegoquodibotTulernnteutem

226 3847 283 3906 tice
298 3849 391 3924 loqui.
405 3851 518 3910 eccidit
535 3867 657 3926 quoque
674 3858 707 3912 ut
721 3854 821 3912 visum
840 3855 991 3913 somnum
1007 3872 1052 3913 re.
1104 3848 1236 3906 tunicum
1246 3848 1321 3920 eius,
1333 3849 1402 3906 etin
1412 3849 1592 3921 sanguinem
1604 3848 1698 3916 boedi,
1710 3863 1803 3922 quem
1812 3846 1929 3906 oecide-

225 3937 315 3996 terret
325 3939 468 3998 tratribus
482 3939 545 3997 suis
562 3956 749 4016 :qucecause
756 3943 953 4018 majorisodii
965 3945 1052 4002 semi-
1104 3943 1181 4006 rent,
1201 3937 1351 3996 tinxerunt
1366 3937 1535 3996 :mittentes
1549 3937 1602 4012 qui
1619 3937 1729 3995 terrent
1747 3937 1787 3995 ad
1798 3941 1926 4011 petrem

226 4027 419 4086 neriumtuit.
431 4029 799 4103 Dixitqueadeosreudite
808 4032 961 4090 somnium
967 4033 1052 4107 quod
1104 4032 1134 4087 et
1151 4029 1301 4087 dicerent:
1318 4029 1398 4087 Hanc
1418 4027 1607 4086 invenimus:
1623 4027 1692 4085 vide
1715 4031 1813 4085 utrum
1827 4027 1929 4084 tunica

226 4113 287 4172 vidi
304 4132 311 4172 :
326 4117 473 4174 Putabam
485 4117 578 4192 ligare
604 4133 661 4176 nos
676 4118 847 4193 manipulos
865 4120 897 4177 in
911 4136 1003 4193 egro:
1023 4123 1052 4179 et
1104 4116 1157 4174 fflii
1171 4118 1214 4175 tui
1237 4118 1283 4186 sit,
1312 4132 1438 4176 annon.
1454 4115 1924 4190 Quemcumcognovisset177

226 4203 315 4275 quest
328 4219 507 4277 consurgere
517 4204 706 4278 manipulum
716 4221 829 4276 meum,
842 4211 872 4265 ct
887 4212 975 4276 stare,
987 4222 1052 4265 vce·
1104 4209 1199 4280 peter,
1212 4206 1254 4264 eit
1264 4226 1270 4266 :
1282 4207 1400 4265 Tunica
1412 4205 1465 4264 titii
1477 4205 1597 4272 meiest,
1612 4205 1675 4262 iera
1688 4205 1820 4279 pessime
1829 4220 1930 4262 come-

226 4294 349 4365 trosque
370 4293 543 4366 manipulos
562 4294 789 4353 circumstantes
813 4295 941 4355 adorere
955 4296 1052 4354 meni·
1105 4293 1150 4351 dit
1162 4309 1242 4358 eum,
1256 4293 1512 4353 bescedevoravit
1524 4294 1647 4369 ioseph.
1663 4293 1827 4368 scissisque
1841 4293 1931 4350 vesti·

225 4379 333 4452 pulum
344 4379 797 4454 meumitceponderuntiratres
810 4384 894 4457 ejus:
909 4383 1052 4459 Nunquid
1104 4379 1175 4450 bus,
1190 4380 1310 4439 indutus
1324 4385 1370 4439 est
1388 4381 1493 4454 cilicio,
1503 4381 1611 4455 lugens
1624 4381 1720 4439 tilium
1736 4397 1826 4439 suum
1833 4379 1930 4439 multo

227 4469 289 4524 Rex
299 4473 400 4526 noster
409 4467 491 4526 erist
504 4472 557 4527 aut
566 4469 759 4544 subjiciemur
767 4470 874 4528 ditioni
889 4473 971 4529 tue?
983 4473 1052 4530 Hac
1067 4439 1090 4496 Β
1105 4473 1250 4542 tempore.
1270 4469 1461 4541 congregatis
1470 4473 1572 4528 cutem
1586 4469 1701 4528 cunctis
1712 4469 1813 4527 liberis
1823 4469 1889 4542 eius
1898 4471 1932 4526 ut

228 4571 400 4628 ergocause
412 4558 695 4631 somniorumetque
705 4572 890 4628 sermonum,
899 4558 1053 4620 invidioeet
1104 4556 1231 4615 lenirem
1243 4556 1378 4616 dotorem
1390 4559 1491 4630 petris,
1503 4557 1834 4617 nobisconsolatiouem
1848 4557 1927 4616 ecci-

227 4643 289 4700 odii
299 4644 434 4702 tomitem
447 4645 638 4704 ministravit.
655 4643 745 4703 eliud
755 4661 878 4721 quoque
890 4646 965 4704 vidit
971 4662 1053 4704 eom·
1104 4643 1290 4719 pere‚sedeit
1305 4648 1510 4706 :Deseeudcm
1519 4647 1660 4706 additum
1675 4646 1929 4721 meumlugensin

227 4731 323 4803 nium,
337 4731 421 4806 quod
439 4747 567 4792 camene
580 4733 732 4806 iratribus,
743 4734 806 4792 ait:
824 4733 889 4792 Vidi
900 4750 954 4809 per
967 4749 1051 4793 som·
1104 4734 1306 4793 internumiit
1319 4734 1370 4794 illo
1384 4740 1594 4809 perseverante
1605 4737 1635 4794 in
1658 4736 1739 4802 fletu,
1757 4735 1928 4794 itedianitse

226 4816 325 4890 nium,
336 4820 537 4895 quasisolem,
553 4826 582 4880 et
600 4822 716 4895 lunam,
736 4826 765 4880 et
781 4821 879 4881 stelles
896 4823 1049 4893 undecim,
1103 4822 1300 4882 vendiderunt
1313 4824 1425 4898 ioseph
1442 4825 1612 4900 inAEgypto
1624 4824 1779 4898 Putiphari
1788 4823 1931 4882 eunucho

227 4902 353 5002 adorere
366 4925 426 4970 me.
442 4910 607 4978 Quodcum
621 4911 699 4981 patri
717 4911 964 4969 suoettratribus
972 4917 1050 4972 retu·
1104 4910 1269 4969 Pharaonis
1280 4912 1424 4984 magistro
1434 4913 1574 4972 miiitum.
1591 4923 1625 4986 lp.
1639 4915 1745 4970 Amen.

226 4989 318 5092 beret,
333 4995 498 5071 increpavit
516 5015 586 5057 eum
600 5003 685 5072 pater
698 5014 782 5065 suus,
803 5003 833 5057 et
855 4999 931 5058 dixit
948 5017 956 5058 t
971 5001 1051 5067 Quid
1139 5001 1316 5073 scriptione
1328 5005 1353 5059 t.
1366 5002 1546 5062 Laudemini
1557 5003 1589 5061 in
1601 5001 1724 5061 nomine
1738 5001 1929 5074 renctoeJ'us,

227 5079 284 5137 srbr
292 5081 418 5139 vulthoc
426 5087 578 5144 somnium
587 5085 878 5160 quodvidistitnum
887 5104 944 5162 ego
950 5095 979 5146 et
987 5104 1051 5147 me·
1102 5090 1217 5149 letetur
1230 5107 1282 5151 cor
1290 5092 1487 5166 querentium
1499 5092 1671 5151 Dominum.
1679 5091 1822 5149 Protmus.
1836 5105 1892 5148 crv.

228 5173 271 5228 ter
285 5174 335 5228 tus
353 5175 382 5228 et
392 5169 496 5229 iratres
510 5175 553 5230 tui
561 5173 754 5234 adorabimus
768 5180 797 5234 te
812 5179 1051 5252 superterram?
1140 5179 1256 5240 Oratio.
1269 5184 1427 5239 Narrantes
1437 5179 1589 5239 musonis
1600 5185 1662 5250 tua,
1674 5179 1809 5247 Domine,
1824 5182 1932 5237 sancto

227 5258 402 5319 lnvidcbant
413 5259 441 5316 ei
454 5259 545 5331 igitur
556 5259 661 5319 iratres
674 5263 722 5321 sui
738 5283 745 5320 ε
760 5269 998 5340 peterverorcm
1007 5271 1050 5325 ta·
1104 5269 1155 5324 tuo
1167 5267 1301 5325 letemur
1315 5269 1346 5326 in
1356 5269 1478 5328 nomine
1493 5269 1553 5329 :de
1570 5267 1658 5326 nobis
1672 5266 1864 5344 toquerendi
1879 5281 1930 5327 sc·

228 5348 304 5406 citus
315 5347 530 5407 considerabat.
542 5351 786 5425 cumquctretres
793 5355 1050 5429 iltiusiupascen-
1103 5353 1276 5422 tertiamret
1289 5355 1458 5414 inveniendi
1469 5355 1566 5414 tribue
1585 5355 1736 5428 efficiam3
1757 5361 1791 5414 ut
1813 5359 1842 5414 te
1863 5371 1935 5413 me-

228 5434 275 5493 dis
287 5438 428 5512 gregibus
441 5438 535 5512 petris
543 5441 774 5500 morerenturin
787 5443 1000 5514 Sicbem,dixit
1010 5443 1051 5503 ed
1103 5457 1225 5502 reamur
1235 5442 1380 5517 aspicere,
1400 5447 1431 5503 et
1443 5443 1543 5504 vuitus
1560 5445 1605 5506 tui
1617 5460 1735 5520 semper
1759 5444 1934 5506 ostensione

228 5539 299 5584 eum
315 5529 407 5590 isreel
426 5530 563 5592 :trabes
574 5529 619 5590 tui
631 5533 1048 5605 pescuntovesinSicbimis:
1104 5531 1287 5606 gauderem.
1306 5533 1410 5594 Amen.
