4117 6175
144 222 196 281 ιιι
479 184 483 190 ’
736 228 1266 303 ιοιιιιιιιιοιιιιιιιιιιιιιι.
1798 248 1851 309 ase

140 346 371 405 tabamaeulum
378 364 475 421 suum,
488 350 688 414 aboccidente
697 356 813 415 babens
820 358 929 426 Detbel,
936 355 975 414 ab
989 358 1012 414 A
1027 374 1099 417 vero
1116 360 1194 419 bene
1215 361 1261 419 usi
1275 365 1344 425 sunt
1360 364 1482 439 propter
1503 363 1607 422 illam:
1623 364 1803 442 fueruntque
1822 372 1850 429 el

140 436 255 493 oriente
267 434 322 493 Hui
333 436 510 497 :edificavit
519 457 640 518 quoque
648 445 740 505 altare
747 447 884 517 Domino,
894 446 975 504 invo-
1028 464 1109 516 oves,
1122 454 1151 507 et
1162 449 1253 507 bores
1265 456 1293 508 et
1304 452 1389 521 asini,
1403 456 1431 509 et
1444 452 1693 523 servietlamiliae,
1705 458 1846 527 etesium,

140 526 281 600 cavitque
296 542 409 586 nomen
419 530 493 602 eius.
503 544 536 603 p.
549 536 653 592 lmen.
1028 546 1056 595 et
1069 538 1185 596 cameli.
1203 540 1372 614 flagellavit
1384 547 1485 599 autem
1500 543 1642 600 Dominus
1656 544 1844 607 Pharaonem

18 651 19 696 3
174 616 321 686 Hymnus.
338 617 416 675 Deus
431 620 534 679 eterni
547 622 680 695 luminis,
697 627 811 685 candor
820 628 973 686 inenarra-
1026 627 1124 699 plagis
1132 629 1281 701 maximis,
1294 634 1320 687 et
1332 629 1458 687 domum
1466 631 1541 703 ejus,
1551 636 1672 705 propter
1680 632 1763 690 Sarai
1775 651 1849 693 uxo·

138 703 221 761 bilis.
236 706 468 779 (recrescere.
1025 731 1084 773 rem
1090 717 1211 777 Abram.
1219 720 1399 793 vocavitque
1411 720 1530 777 Pharao
1540 720 1664 791 Abram,
1678 723 1706 779 et
1716 720 1791 779 dixit
1801 724 1826 780 ei
1840 746 1847 782 ι

177 794 294 852 Preces.
326 796 462 867 Dremus,
492 803 525 857 ιιι
556 817 613 860 nos
642 810 833 865 sacrosancto
857 806 972 881 jejunio
1026 806 1175 875 Quidnam
1186 809 1318 886 estquod
1326 809 1699 883 lecistimibi‘lquarenon
1711 810 1848 869 iudicasti

140 884 279 957 tempore
292 886 548 959 Quadragesimoe,
564 898 598 949 ιιι
608 908 710 966 supro.
1024 898 1192 970 quoduxor
1203 900 1254 953 tua
1266 898 1365 956 esset?
1375 900 1471 966 Quam
1481 898 1522 955 ob
1536 914 1658 955 causam
1667 899 1768 957 dixisti
1783 916 1847 958 esse

177 972 472 1045 CapituloDomine,
483 980 564 1054 apud
574 997 665 1056 quem
678 987 722 1043 est
737 986 806 1043 tons
815 988 893 1055 vita,
907 987 973 1047 etin
1024 1000 1157 1042 sororem
1176 992 1270 1055 tuam,
1283 990 1317 1043 ut
1330 986 1464 1044 toDerem
1476 1002 1545 1044 eam
1558 986 1633 1044 mibi
1654 988 1685 1043 in
1699 991 1848 1049 uxorem?

139 1062 227 1135 cujus
244 1061 358 1121 lumine
378 1067 540 1143 aspicimus
553 1070 658 1129 lumen
673 1076 771 1132 enutri
789 1075 821 1132 in
842 1080 969 1133 nostum
1024 1076 1108 1131 Nunc
1120 1074 1209 1146 igitur
1220 1089 1287 1132 ecce
1301 1076 1413 1147 conjux
1426 1078 1487 1143 tua,
1503 1076 1604 1148 accipe
1623 1091 1702 1147 eam,
1719 1082 1747 1134 et
1760 1077 1847 1135 vade.

138 1150 273 1209 scientim
285 1153 478 1225 splendorem
494 1175 501 1215 :
517 1162 549 1217 ut
562 1160 733 1220 sitientibus
746 1163 834 1221 nobis
848 1165 970 1223 vitalem
1022 1162 1222 1237 Praecepitque
1231 1163 1346 1221 Pharao
1357 1162 1565 1235 superllbram
1574 1163 1644 1220 viris
1657 1182 1666 1217 ι
1681 1166 1710 1219 et
1720 1162 1848 1221 deduxe-

136 1240 403 1315 impertiaspotum
414 1249 459 1313 ;et
468 1246 670 1320 caligantibus
679 1251 839 1311 animabus
848 1254 969 1327 superni
1021 1257 1092 1309 runt
1103 1268 1183 1320 eum,
1195 1256 1223 1309 et
1234 1268 1359 1311 uxorem
1370 1252 1458 1318 illius,
1473 1256 1500 1309 et
1512 1251 1692 1324 omniaque
1702 1251 1844 1309 habebat.

136 1326 265 1384 luminis
283 1331 417 1389 restituas
430 1332 621 1396 intellectum.
1022 1342 1107 1413 (cap.
1118 1341 1336 1414 xur.)Ascendit
1345 1355 1415 1412 ergo
1423 1340 1535 1398 Abram
1545 1339 1582 1397 de
1590 1338 1729 1413 AEgypto‚
1741 1339 1805 1413 ipse
1817 1342 1846 1396 et

18 1465 19 1482 ι
134 1414 227 1473 Pater
245 1424 359 1478 noster.
1020 1446 1098 1488 uxor
1112 1431 1186 1502 ejus,
1202 1434 1230 1487 et
1242 1430 1344 1487 omnia
1353 1446 1422 1504 quae
1431 1428 1573 1495 habebat,
1589 1432 1617 1485 et
1632 1428 1704 1485 both
1715 1443 1785 1485 oum
1797 1442 1843 1495 eo,
1960 1452 1963 1459 ⁴

170 1506 288 1566 londa
302 1508 477 1580 Gloriemur,
490 1514 616 1573 Domine
628 1519 658 1573 P.
670 1516 702 1574 ln
712 1517 801 1577 lande
813 1524 873 1579 tua.
887 1521 918 1584 it.
933 1525 969 1581 Ut
1022 1518 1062 1575 ad
1080 1517 1242 1576 australem
1259 1518 1392 1592 plagam.
1408 1522 1477 1575 Erat
1492 1520 1592 1575 autem
1607 1516 1689 1573 dives
1709 1514 1798 1573 valde
1813 1516 1844 1573 in

135 1592 335 1655 confiteamur
346 1600 463 1657 nomini
478 1605 583 1661 sancto
601 1609 654 1663 tuo
680 1624 686 1663 :
706 1610 735 1665 et
748 1608 911 1681 gloriemur
929 1611 960 1668 in
1020 1608 1210 1679 possessione
1218 1608 1332 1678 argenti
1340 1607 1663 1679 elaurilleversnsque
1671 1608 1715 1661 est
1723 1604 1845 1677 pariter,

134 1679 225 1738 laude
237 1688 300 1742 tua.
313 1686 345 1746 r.
362 1686 470 1757 Gloria,
482 1694 511 1748 et
520 1690 628 1749 honor.
643 1695 675 1751 P.
690 1694 724 1751 ln
734 1695 822 1753 laude
835 1701 894 1755 tua.
981 1713 1082 1771 gquo
1100 1700 1232 1767 venerat,
1249 1699 1268 1753 a
1281 1694 1405 1752 meridie
1419 1695 1450 1751 in
1466 1692 1565 1750 Detbel
1580 1690 1728 1764 usquead
1745 1691 1846 1747 locum

174 1772 285 1831 Oratio.
296 1774 402 1834 Salvos
411 1792 467 1836 nos
479 1779 535 1849 tac,
547 1780 672 1839 Domine
681 1783 759 1841 Deus
768 1790 880 1855 noster,
892 1791 921 1845 et
935 1788 967 1847 in
1020 1784 1072 1841 ubi
1085 1784 1168 1857 prius
1177 1784 1282 1840 fixerat
1291 1781 1519 1839 tabernaculum
1529 1781 1606 1836 inter
1619 1778 1719 1835 Detbel
1730 1782 1760 1835 et
1771 1779 1824 1834 Dal
1835 1796 1844 1833 ι

18 1851 19 1946 J
139 1858 236 1918 salute
247 1866 300 1921 tua
309 1863 396 1922 visita
409 1885 415 1922 ι
438 1868 668 1944 neciniquilatis
681 1878 791 1931 nostra
803 1889 904 1947 poena,
914 1877 967 1935 sed
1018 1873 1160 1931 inlocum
1171 1871 1274 1930 altaris
1287 1872 1369 1945 quod
1379 1870 1488 1927 lecerat
1499 1869 1592 1943 prius,
1604 1872 1633 1924 et
1642 1867 1792 1923 invocavit
1802 1865 1844 1923 ibi

18 1961 19 1972 ¹
137 1947 967 2034 timoristuinosbumilietdisciplina;uttuagloriemur
1019 1976 1131 2019 nomen
1145 1960 1272 2019 Domini.
1292 1960 1350 2019 Sed
1364 1962 1393 2017 et
1405 1959 1478 2016 Loth
1492 1957 1544 2032 qui
1557 1960 1620 2013 erat
1630 1970 1699 2011 cum
1721 1951 1844 2024 Abram,

135 2034 166 2092 in
176 2035 278 2105 laude,
289 2039 561 2101 eteonfiteamurin
573 2047 706 2116 nomine,
718 2064 774 2106 nos
784 2064 906 2125 quoque
926 2051 966 2109 ad
1018 2048 1139 2107 fuerunt
1146 2064 1251 2122 greges
1261 2048 1373 2119 osium,
1391 2051 1421 2104 et
1434 2049 1582 2112 armenta,
1598 2048 1627 2101 et
1638 2041 1842 2100 tabernacula.

134 2124 440 2188 videndumloetitiam
456 2132 745 2194 electorumtuorum
760 2138 867 2196 excitet
878 2139 965 2198 boni·
1018 2140 1076 2197 Nec
1093 2142 1209 2211 poterat
1220 2152 1271 2195 eos
1284 2150 1390 2209 capere
1406 2139 1492 2201 terra,
1504 2137 1537 2191 ut
1547 2132 1717 2191 babitarent
1727 2130 1841 2187 simule

134 2216 178 2269 tas
189 2220 237 2283 3et
247 2216 290 2274 ad
298 2217 490 2279 laudandum
500 2223 585 2295 regni
593 2224 637 2281 tui
648 2225 796 2285 adsciscet
805 2228 963 2291 heredites.
1018 2230 1082 2284 erat
1095 2228 1208 2303 quippe
1220 2226 1389 2284 substantia
1401 2240 1506 2283 eornm
1518 2224 1626 2294 multa,
1641 2225 1670 2277 et
1678 2220 1845 2293 nequibant

135 2302 287 2372 namen.
1016 2316 1153 2374 habitare
1164 2316 1372 2375 communiter.
1381 2314 1465 2372 Unde
1476 2313 1554 2370 iacta
1563 2317 1609 2369 est
1617 2313 1680 2368 rixa
1690 2311 1766 2367 inter
1776 2324 1844 2381 pas-

167 2394 225 2451 Per
237 2394 489 2456 misericordiam.
1017 2409 1096 2464 tores
1109 2422 1234 2478 gregum
1248 2405 1359 2463 Abram
1370 2410 1398 2461 et
1416 2403 1499 2461 Loth.
1522 2404 1563 2459 lio
1586 2406 1687 2457 autem
1710 2402 1844 2475 tempore
1890 2394 1891 2398 ’

446 2488 497 2545 Ad
510 2490 650 2547 Tertiam.
1018 2493 1205 2551 Chananeus
1224 2498 1253 2552 et
1266 2493 1441 2551 Pherezaeus
1453 2490 1673 2549 habitabantin
1688 2487 1739 2545 illa
1753 2493 1841 2545 terra.

265 2575 493 2635 Prooertiorum
507 2579 675 2637 Solomonis
687 2580 772 2654 (Gap.
786 2584 825 2657 v).
1017 2581 1095 2637 Dixit
1104 2597 1174 2653 ergo
1180 2580 1289 2638 Abram
1296 2580 1335 2637 ad
1345 2579 1420 2635 Loth
1433 2594 1440 2633 τ
1456 2582 1497 2636 Ne
1503 2592 1607 2651 quaeso
1614 2577 1653 2632 sit
1657 2575 1791 2646 iurgium
1800 2576 1844 2632 in-

167 2673 200 2731 u.
212 2661 278 2719 Deo
296 2664 420 2735 gratias.
1017 2674 1116 2727 terme
1128 2673 1202 2735 ette,
1215 2667 1595 2740 etinterpastoresmeoset
1605 2666 1741 2736 pastores
1751 2667 1819 2719 tuos
1833 2681 1840 2719 :

168 2749 231 2817 Fili,
245 2750 315 2808 bibe
329 2768 441 2826 aquam
456 2752 494 2812 de
504 2755 632 2815 cisterna
640 2760 701 2831 tua,
718 2760 746 2815 et
756 2757 871 2816 fluenta
881 2762 963 2832 putei
1015 2758 1122 2815 tratres
1136 2756 1215 2814 enim
1235 2770 1353 2812 sumus.
1367 2756 1439 2809 Ecce
1453 2753 1596 2808 universa
1609 2755 1686 2805 terra
1699 2764 1803 2805 coram
1813 2754 1842 2806 te

135 2838 175 2895 tui
191 2856 197 2895 :
214 2839 391 2899 Derireutur
404 2841 501 2901 tontes
516 2844 558 2901 tui
572 2845 662 2917 toras,
671 2851 699 2903 et
708 2848 739 2903 iu
751 2846 859 2919 plateis
867 2864 962 2923 aquas
1016 2851 1082 2904 est:
1103 2844 1208 2903 recede
1219 2858 1305 2909 ame,
1319 2841 1444 2899 obsecro
1460 2856 1467 2897 t
1482 2840 1506 2895 si
1514 2842 1546 2895 tu
1553 2836 1593 2895 ad
1601 2836 1751 2893 sinistram
1761 2836 1840 2903 ieris,

133 2931 200 2984 tuas
206 2928 319 2985 divide.
329 2931 442 2989 llabeto
449 2948 499 2990 eas
506 2932 598 3001 solus,
610 2950 666 2993 nec
678 2935 738 2993 sint
746 2935 834 2993 alieni
845 2939 962 3012 pertici·
1015 2952 1072 3008 ego
1078 2935 1280 2993 addexteram
1286 2930 1394 2988 tenebo
1408 2947 1414 2986 :
1425 2929 1488 2986 situ
1495 2927 1694 2985 addexterem
1703 2924 1838 2995 elegeris,

132 3016 244 3089 pestui.
254 3016 298 3075 Sit
304 3034 382 3076 sena
392 3024 444 3077 tua
454 3020 619 3091 benedicta,
629 3027 658 3081 et
669 3023 769 3082 letare
779 3040 849 3082 oum
855 3027 960 3084 mulie·
976 3050 998 3109 C
1014 3024 1118 3098 egoad
1129 3022 1279 3080 sinistram
1289 3034 1425 3094 pergam.
1438 3016 1673 3090 Eleratisitaque
1686 3014 1756 3071 Loth
1768 3028 1838 3070 ocu·

129 3105 377 3167 readolcscentiae
390 3111 448 3168 tua
464 3128 470 3166 z
484 3113 766 3181 berrecharissima,
783 3119 813 3171 et
825 3117 960 3187 gratissi·
1014 3115 1050 3171 lis
1063 3114 1137 3172 vidit
1144 3128 1265 3170 omnem
1281 3111 1359 3167 circa
1367 3108 1520 3180 regionem
1531 3105 1680 3172 iordanis,
1692 3120 1761 3177 quar
1774 3102 1840 3160 uni·

129 3194 225 3251 simus
236 3195 385 3255 binnulus
401 3215 408 3255 :
424 3198 519 3256 ubera
528 3201 593 3273 ejus
607 3201 755 3259 inebrient
762 3208 787 3259 te
794 3205 875 3260 omni
886 3209 958 3262 tem·
1012 3217 1101 3260 versa
1111 3201 1307 3274 inrigabatur,
1321 3202 1484 3270 antequam
1499 3195 1682 3251 subverteret
1695 3192 1839 3248 Dominus

126 3297 205 3357 pore,
227 3289 259 3342 et
274 3285 307 3342 in
331 3301 434 3344 amore
457 3288 521 3360 eius
548 3288 695 3347 delectare
711 3291 834 3364 jugiter.
862 3292 959 3359 Quare
1013 3278 1839 3375 SodomametGomorrbam,sicutparadisusDominl‚et

126 3373 279 3430 seduceris
290 3372 384 3432 filimi
398 3375 438 3432 ab
452 3375 560 3447 aliena,
572 3382 601 3436 et
614 3377 723 3436 foveris
738 3379 958 3439 sinualterius‘l
1013 3381 1090 3438 sicut
1103 3372 1442 3451 AEgyptusvenientibus
1451 3371 1483 3426 in
1496 3371 1600 3438 Segor.
1615 3365 1769 3436 Elegitque
1778 3361 1838 3462 aibr

125 3462 959 3540 DespicitDominrrs,viashominis,etomnesgressusil-
1012 3470 1086 3526 Loth
1100 3451 1837 3540 regionemcircalordanem,etrecessitaborron·

126 3548 181 3606 lios
189 3551 373 3609 considerat.
385 3552 561 3626 iniquitates
572 3571 635 3613 sum
645 3557 769 3631 capiunt
776 3557 915 3631 impium,
929 3563 959 3618 et
1012 3563 1041 3615 te
1056 3577 1062 3616 :
1077 3549 1474 3629 divisiquesuntalterutera
1488 3543 1577 3602 fratre
1587 3557 1652 3599 suo.
1662 3539 1773 3596 Abram
1783 3539 1837 3639 ba·

127 3636 250 3696 sumbus
267 3639 356 3712 152
371 3644 565 3714 peccatorum
580 3659 707 3701 suorum
726 3646 952 3719 constringitur.
1011 3643 1158 3704 bitevitin
1168 3646 1246 3699 terra
1261 3638 1402 3695 Chanaen
1417 3653 1424 3692 :
1441 3633 1591 3692 Lothvero
1603 3633 1738 3728 moratus
1751 3631 1795 3726 est
1805 3641 1836 3725 ιιι

129 3728 192 3800 lpse
200 3728 359 3794 morietur,
367 3730 439 3804 quia
451 3745 513 3787 non
524 3731 631 3790 habuit
638 3731 840 3806 disciplinam,
849 3736 959 3794 etmul·
1011 3730 1141 3807 oppidis,
1151 3745 1222 3804 quoe
1232 3729 1315 3785 erant
1327 3726 1406 3782 circa
1417 3722 1588 3790 iomanem,
1604 3723 1633 3776 et
1647 3717 1792 3818 habitavit
1805 3729 1837 3770 ιιι

128 3813 255 3873 titudine
272 3816 402 3874 stultitia
428 3835 491 3876 sum
519 3819 675 3893 decipitur.
705 3821 757 3878 rili
773 3822 826 3894 mi,
841 3825 865 3879 si
890 3841 958 3897 spo·
1014 3805 1834 3902 SodomisllominesautemSodomitaepessrmrerant,

127 3903 273 3976 ponderis
286 3921 340 3978 pro
352 3907 450 3964 amico
465 3910 526 3977 tuo,
542 3907 671 3967 defixisti
685 3911 768 3983 apud
781 3916 958 3971 extraneum
1012 3911 1222 3983 etpeccatores
1233 3920 1336 3962 coram
1345 3897 1580 3959 Dominonimls.
1590 3895 1729 3968 Dixitque
1740 3894 1836 3949 Domi·

127 4007 260 4047 manum
269 3996 362 4058 tuam,
368 3993 557 4069 inlaqueatus
565 4011 597 4054 es
606 3998 706 4054 verbis
717 3997 779 4056 oris
791 3998 843 4065 tui,
851 4003 880 4056 et
889 4016 958 4075 cap·
1011 4014 1071 4057 nus
1084 3997 1124 4055 ad
1138 3995 1260 4066 Abram,
1275 3996 1437 4068 postquam
1453 3988 1569 4047 divisus
1579 3989 1624 4044 est
1637 3983 1710 4041 Loth
1725 3981 1811 4039 abeo
1827 3995 1834 4035 :

128 4085 180 4134 tus
187 4079 320 4151 propriis
326 4084 587 4142 sermonibus.l'ac
596 4100 667 4157 ergo
677 4085 761 4159 quod
770 4085 896 4156 dico‚tlli
903 4090 956 4158 mi,
1012 4090 1088 4144 Lara
1102 4085 1205 4143 oeulos
1219 4088 1287 4141 tuos
1301 4082 1458 4148 directum,
1472 4081 1501 4136 et
1513 4077 1581 4134 ride
1594 4089 1612 4131 a
1625 4071 1703 4140 loco,
1721 4085 1753 4126 ιιι
1774 4084 1835 4170 quo

130 4171 161 4223 et
172 4169 361 4238 temetipsum
374 4171 479 4230 libera.
497 4184 531 4246 lq.
546 4179 653 4233 amon.
1011 4190 1092 4234 nunc
1103 4190 1145 4243 es,
1160 4172 1200 4230 ad
1212 4170 1385 4246 aquilonem
1399 4172 1428 4225 et
1446 4166 1486 4224 ad
1495 4163 1662 4230 meridiem,
1676 4160 1715 4218 ad
1738 4174 1836 4217 orren-

279 4257 380 4317 Lcctio
399 4261 469 4318 libro⁸
488 4262 606 4321 Genesis
621 4263 807 4338 (Goputxu.)
1012 4268 1111 4322 temet
1125 4265 1164 4321 ad
1176 4261 1371 4320 occidentem.
1389 4259 1516 4315 Omnem
1525 4257 1636 4311 terram
1646 4265 1740 4324 quam
1748 4259 1835 4350 cons-

160 4356 195 4416 ιι.
214 4347 277 4404 Deo
291 4349 413 4418 gratias.
1011 4353 1098 4428 plois,
1116 4351 1170 4410 tibi
1183 4349 1265 4409 dabo
1285 4352 1312 4407 et
1331 4345 1439 4404 semini
1452 4349 1504 4403 tuo
1518 4357 1616 4415 usque
1630 4341 1661 4397 in
1681 4341 1836 4412 semprter-

160 4435 194 4490 lu
206 4433 267 4491 illis
276 4435 383 4494 diebus
395 4457 405 4494 s
420 4440 508 4496 Facta
519 4438 664 4498 estfames
674 4439 706 4498 in
717 4443 796 4499 terra
811 4457 818 4498 :
835 4441 956 4501 deseen-
1011 4458 1098 4500 num.
1111 4441 1291 4515 Faciamque
1306 4451 1409 4494 semen
1424 4439 1510 4492 tuum
1523 4432 1601 4489 sicut
1614 4428 1767 4504 pulverem
1781 4430 1836 4483 ter·

125 4521 600 4600 disqueaorahaminssgyptum,
610 4529 955 4601 utperegrinareturibi:
1011 4547 1052 4590 rae
1069 4550 1076 4585 ι
1093 4531 1119 4588 ιι
1132 4530 1200 4602 quis
1214 4532 1313 4602 potest
1324 4525 1483 4584 bominum
1500 4533 1660 4578 numerare
1684 4515 1836 4590 pulverem

128 4612 333 4684 prevaluerat
341 4615 522 4673 enimtames
528 4616 559 4672 in
565 4620 651 4674 terra.
661 4620 793 4690 Cumque
808 4634 902 4693 prope
913 4635 958 4677 es·
1011 4622 1109 4687 terrae,
1121 4632 1223 4674 semen
1237 4629 1359 4689 quoque
1368 4616 1454 4669 tuum
1466 4621 1626 4668 numerare
1639 4603 1755 4678 poterit.
1769 4601 1835 4701 Sur·

125 4705 170 4758 ιιι
181 4704 217 4759 nt
228 4701 436 4772 ingrederetur
447 4704 478 4761 in
492 4707 653 4779 AEgyptum
673 4707 746 4764 dixit
765 4709 849 4765 Sarai
871 4709 958 4767 uxori
1012 4722 1048 4779 ge
1064 4720 1146 4778 ergo,
1160 4702 1339 4779 perambula
1357 4705 1468 4758 terram
1482 4697 1515 4755 iu
1534 4693 1732 4766 longitudine,
1753 4693 1782 4748 et
1805 4705 1838 4746 m

127 4807 191 4847 sura
206 4810 216 4846 ι
233 4792 578 4866 Noviquodpulchrasis
588 4793 708 4851 mulier:
718 4795 839 4870 etquod
850 4802 958 4855 oumte
1011 4793 1231 4852 latitudinesua
1245 4810 1252 4848 :
1268 4789 1342 4864 quia
1352 4787 1702 4846 tibidaturussumeam.
1717 4784 1837 4841 ltovens

125 4878 259 4937 viderint
271 4879 416 4955 AEgyptii,
431 4881 537 4940 dicturi
549 4888 630 4955 suut,
639 4883 723 4958 quod
734 4899 810 4941 uxor
821 4901 890 4942 mea
905 4886 956 4954 sis,
1012 4883 1101 4957 igitur
1112 4881 1223 4938 Abram
1236 4877 1464 4937 tabernaculum
1483 4889 1582 4944 snum,
1591 4871 1672 4929 venit
1684 4871 1837 4931 athabita-

128 4973 156 5025 et
170 4969 419 5042 interficientme,
428 4976 458 5028 et
464 4980 492 5029 te
500 4973 706 5030 reservabunt.
717 4973 768 5029 Dic
778 4989 859 5045 ergo,
871 4975 957 5032 obse·
1012 4971 1053 5028 vit
1062 4972 1147 5043 jnxta
1161 4967 1328 5027 convallem
1342 4965 1483 5034 ltembre,
1502 4978 1572 5038 que
1591 4961 1679 5020 estin
1693 4961 1813 5023 Hebron
1828 4977 1835 5016 ι

129 5071 179 5114 cro
194 5063 236 5124 te,
249 5059 335 5133 qnod
350 5075 434 5118 soror
445 5077 515 5118 mea
529 5062 571 5119 ιιι
586 5080 594 5116 ι
608 5067 641 5118 ut
654 5061 731 5119 bene
746 5063 783 5118 sit
802 5061 875 5119 mihi
889 5080 956 5137 pro·
1012 5059 1230 5134 {edificavitque
1241 5057 1283 5115 ibi
1297 5055 1390 5114 altare
1402 5052 1541 5112 Domino.
1558 5063 1590 5126 ιι.
1602 5061 1706 5110 Amen.

125 5147 957 5226 pterte,etviretauimameaobgratiamtui.cumitaque

127 5235 283 5308 ingressus
291 5237 667 5315 essethbramrligyptum,
675 5239 815 5297 viderunt
826 5238 957 5314 AEgyplii

125 5324 958 5402 mulieremquodessetpulobranimis.Etnunciarerunt

124 5413 954 5491 principesl‘haraoni,etlaudaveronteamepudillums
1605 5491 1612 5506 υ

126 5505 154 5563 ιι
167 5502 290 5568 sublata
303 5503 466 5566 estmulior
478 5505 510 5564 in
522 5505 649 5565 domum
660 5505 953 5569 Pharaonistlbram
1047 5503 1158 5567 Oratio.
1174 5503 1237 5563 libi
1244 5503 1371 5564 Domino
1382 5500 1502 5579 petiens
1510 5499 1554 5554 est
1563 5507 1666 5554 anima
1678 5493 1782 5558 nostra
1798 5509 1838 5556 :a

1046 5191 1223 5260 Antiphone
1234 5194 1260 5246 l.
1272 5189 1380 5248 Anima
1389 5192 1493 5248 nostra
1500 5189 1617 5262 patiens
1632 5191 1676 5244 est
1684 5180 1808 5242 Domino
1825 5191 1833 5231 :

1011 5278 1158 5354 quoniam
1173 5277 1292 5351 adiutor
1313 5281 1343 5336 et
1355 5282 1504 5353 protector
1516 5281 1618 5336 noster
1626 5277 1680 5330 est.
1695 5265 1835 5326 Psotmcs

1011 5383 1102 5426 uxu.
