4117 6175
722 230 966 295 sanctoniae.
988 252 1023 275 ⁸-
1042 230 1154 294 rasta
1172 235 1273 293 tntu.
1772 242 1841 305 1¹60

276 355 353 411 Dum
366 352 726 430 interumbrasrequilur.
975 356 1105 418 Aliana
1135 362 1308 435 patrociniis
1330 362 1505 437 indefessis;
1536 367 1577 437 ut,
1590 367 1733 441 quoniam
1755 370 1840 429 tants

279 442 432 503 Oblectata
446 447 592 517 extemplo
607 448 723 505 coelitua
1014 447 1838 531 pietas‚triumpbantetnprovexitadlaudem,psrducai

280 531 445 589 secluditur
464 535 603 593 maceria.
1014 537 1165 610 supplices
1180 539 1220 595 sd
1240 538 1378 597 salntem.
1397 552 1431 612 a.
1450 544 1555 603 Amen.

314 620 418 679 Vincta
431 621 540 679 deinde
556 625 652 698 stipite
1050 628 1103 683 Per
1111 628 1357 686 misericordiam.

278 712 336 767 Pro
349 726 426 767 vana
441 727 512 768 voce
524 712 706 783 includitur:
1235 734 1340 810 [coru]
1357 738 1407 794 Ad
1423 738 1613 797 distulissem.

279 798 335 857 Sed
349 812 452 869 panas
466 798 523 855 lert
541 798 740 875 blasphemia,

279 886 400 958 Ruinas,
421 891 450 944 et
463 887 616 947 incendia·
1048 840 1328 915 resipiscamus
1354 862 1433 912 mea,
1446 846 1581 917 Domine,
1598 848 1712 921 aperies
1732 852 1783 908 :et
1799 866 1834 908 oa

313 976 429 1033 Emis„
445 992 577 1052 namque
587 977 687 1037 bestii⁸
1012 944 1114 989 meum
1131 932 1324 989 adnunciabit
1335 932 1456 992 laudem
1467 940 1561 993 tuam.
1571 938 1703 995 psalmas
1714 957 1740 993 s.

279 1067 336 1123 Leo
349 1067 501 1137 prmum
520 1069 661 1140 percitus:
690 1020 697 1046 '
1014 1018 1125 1079 Oratio
1137 1021 1282 1092 exultent,
1296 1024 1431 1081 Domine.
1447 1028 1626 1097 antiplona.
1638 1026 1666 1084 i.
1676 1026 1836 1087 Dilectione

277 1154 462 1213 adoraturus
478 1157 610 1225 veniens,
1013 1114 1134 1166 mesm-
1151 1110 1335 1184 Qvarcsotio
1349 1129 1450 1171 ccxxx.

278 1246 343 1301 Non
355 1252 590 1317 consumpturus
604 1247 765 1317 Virginem·
1050 1215 1163 1273 Oratio
1178 1218 1269 1275 Beata
1281 1220 1332 1275 Dei
1351 1220 1434 1291 virgo
1460 1220 1612 1285 llartianc,
1628 1238 1693 1295 quas
1719 1222 1750 1281 in
1768 1223 1838 1281 Sion

313 1334 427 1391 pansus
439 1334 547 1393 domno
562 1336 720 1409 prosiliens
1013 1304 1217 1381 speculatione
1227 1306 1358 1378 gloriosa
1367 1310 1513 1377 mansisti,
1527 1327 1619 1385 quam
1628 1312 1706 1369 Dens
1716 1313 1781 1387 ipse
1795 1314 1837 1370 di·

278 1420 386 1481 porma
399 1427 429 1479 „t
439 1422 555 1495 mugitu
566 1424 701 1485 horribili
1013 1392 1119 1449 lexisse
1128 1397 1258 1461 testatur,
1270 1412 1306 1453 ex
1320 1413 1381 1472 qno
1395 1413 1614 1455 nonreoeesura
1634 1401 1708 1459 ultra
1724 1401 1838 1460 miseri-

279 1510 489 1583 supfflbmju,
504 1518 621 1571 penem,
1013 1480 1116 1538 cordia
1129 1480 1283 1555 pollicetur
1300 1484 1362 1552 ;da
1376 1484 1464 1542 nobis
1477 1486 1588 1543 meritis
1599 1486 1668 1555 tuis,
1685 1492 1717 1545 ut
1733 1505 1836 1547 amore

277 1598 402 1673 papillas
430 1601 660 1661 jcpuvulnemns
1012 1568 1298 1641 divinoflagrsntas,
1318 1572 1349 1629 in
1363 1572 1464 1631 tuturo
1474 1574 1589 1633 Iudicio
1605 1574 1796 1635 inveniamur
1805 1576 1835 1635 in

404 1642 414 1669 ἱ
663 1645 670 1670 r

310 1691 346 1746 ct
358 1688 421 1749 iera
432 1692 536 1765 pernix
548 1708 673 1793 corpore
971 1656 1325 1807 Βάθέξζὶεῗὲἰοῖῑῐὲθᾘ·

274 1779 308 1834 lit
320 1776 474 1837 maculoso
493 1784 622 1853 tegmine
1248 1767 1263 1808 1'
1285 1767 1356 1809 ¹⁸⁰1·

273 1867 363 1925 rotali
378 1866 467 1925 dente
477 1868 517 1926 ad
531 1870 671 1930 ultimum
1044 1855 1223 1925 lolintona
1240 1862 1271 1915 2.
1288 1858 1352 1917 Une
1362 1874 1396 1917 ea
1421 1860 1569 1931 proxima.
1585 1862 1644 1921 Fol.
1657 1876 1761 1922 ccxxx.

271 1956 403 2015 umbra
417 1957 525 2017 puellm
539 1959 643 2021 laniat,
1047 1943 1155 2001 Oratio.
1172 1948 1274 2003 lineet
1295 1946 1375 2005 bona
1388 1953 1443 2014 est,
1458 1950 1594 2020 Domine,
1619 1952 1756 2025 proxima
1782 1956 1836 2010 tna

308 2045 376 2102 Post
389 2045 447 2103 hos
462 2047 630 2121 triumphos
642 2049 744 2110 anim
1010 2032 1096 2104 virgo
1115 2035 1267 2105 Dardana,
1296 2053 1374 2108 que,
1392 2036 1466 2095 dum
1477 2038 1616 2111 proxima
1632 2040 1686 2098 tibi
1699 2040 1835 2110 efficitur,

273 2132 381 2191 Vinalia
401 2134 504 2209 elapsa
515 2137 662 2212 corporis,
1012 2121 1355 2196 servatuadesanguiue
1370 2124 1504 2199 speciosa
1511 2133 1836 2203 monstraturperpro·

273 2220 420 2281 plaudens
440 2228 511 2299 pem
525 2226 563 2283 ad
583 2226 677 2287 libera
1012 2209 1106 2282 priam
1114 2210 1286 2284 passionem
1300 2215 1382 2285 :ejus
1394 2230 1466 2287 ergo
1480 2214 1645 2275 interventu
1659 2217 1836 2291 passionum

274 2311 389 2369 Summi
406 2312 466 2371 {2011
487 2314 618 2385 fastigia,
1012 2300 1129 2356 anobis
1140 2301 1366 2373 maculasterge
1376 2322 1385 2376 3
1396 2308 1429 2361 ut
1442 2304 1569 2375 speciosi
1580 2306 1837 2381 etnotisetoperi-

307 2401 368 2457 neo
381 2402 458 2459 Patri
473 2402 509 2459 ,η
521 2402 626 2473 gloria,
1011 2386 1067 2444 bus
1082 2382 1198 2454 redditi,
1213 2396 1317 2463 portas
1336 2395 1455 2449 aterne
1468 2390 1651 2452 liierusalem
1666 2406 1837 2453 mereamur

275 2488 405 2563 Ejusque
417 2490 471 2547 ⁸011·
485 2490 566 2556 Filio,
1011 2476 1133 2535 introire
1151 2477 1244 2537 beati.
1264 2491 1296 2549 tp.
1310 2484 1417 2537 Amen.

276 2578 381 2635 Sancto
396 2578 485 2637 simul
499 2580 642 2637 paraclito
1047 2568 1101 2622 1³01·
1119 2566 1364 2624 misericordiam.

254 2718 257 2725 .
273 2668 306 2723 ln
320 2668 503 2743 sempiterna
519 2670 636 2727 secula.
1046 2668 1215 2745 Antiphone
1229 2672 1259 2729 3.
1289 2672 1371 2742 Veni,
1400 2683 1520 2745 sponsa,
1546 2671 1711 2733 abibano:
1731 2678 1801 2735 veni
1817 2693 1835 2735 a

344 2761 449 2817 Amen.
1010 2758 1163 2816 montibus
1178 2775 1300 2833 pascum
1314 2778 1321 2816 ε
1337 2773 1494 2817 curramus
1506 2757 1538 2818 P.
1553 2764 1586 2818 ln
1600 2761 1692 2820 odore
1701 2779 1836 2833 unguen-

163 2845 954 2923 supplicatio.oremusmatctocomicesottccsxxru.
1011 2856 1108 2905 torum
1124 2853 1252 2905 tuorum.
1269 2846 1300 2909 r.
1315 2848 1476 2918 Audifllia,
1490 2850 1603 2919 stride,
1618 2855 1645 2909 et
1664 2849 1773 2909 incline
1785 2868 1824 2910 au

166 2935 437 3007 CapitulaDomine
447 2938 517 2994 lesu
527 2937 738 3009 Christe‚oujus
746 2940 870 3011 imperio
878 2940 956 3000 rabi·
1009 2953 1073 2995 rem
1089 2940 1172 2994 tuam
1193 2954 1199 2995 :
1216 2942 1244 2995 et
1256 2936 1432 2996 obliviscere
1446 2940 1596 3014 populum
1610 2945 1707 3007 tuum,
1738 2944 1766 2999 et
1781 2941 1833 2999 do

127 3022 272 3081 dissimus
284 3040 345 3082 nou
360 3024 458 3083 solum
484 3042 590 3085 aneos
601 3027 781 3085 beatissimas
797 3028 919 3102 virginis
927 3034 990 3108 etc
1010 3042 1096 3085 mum
1114 3025 1209 3102 patris
1221 3026 1273 3085 tui.
1296 3026 1329 3084 P.
1347 3026 1434 3085 Audi.

126 3115 269 3189 martyris
284 3116 435 3172 Martiana
450 3115 604 3188 abstinuit,
619 3119 827 3176 verumetiam
841 3119 955 3178 leritate
1047 3114 1141 3175 Datin.
1178 3118 1332 3190 Speciosa,
1348 3119 1463 3176 Christe
1487 3118 1540 3177 Dei
1559 3119 1657 3187 Filius,
1680 3119 1711 3178 in
1741 3122 1837 3179 oeulis

127 3201 263 3276 deposita
270 3203 814 3280 ejusimmaeulatnmcorpusadoratus
823 3224 955 3282 praesens
1009 3204 1142 3262 fidelium
1156 3207 1194 3264 de
1206 3205 1319 3264 bibano
1334 3207 1456 3264 venians
1472 3209 1556 3280 virgo
1563 3209 1706 3267 liertiana
1726 3211 1836 3266 annuis

128 3293 249 3349 moleste
264 3295 435 3364 contingere
452 3309 512 3352 nou
528 3295 709 3370 praesumit5
727 3302 838 3370 praesta
853 3297 953 3365 nobis,
1008 3292 1179 3354 recursibus
1187 3296 1656 3370 quodammodorevidetur,dum
1669 3297 1836 3371 bonorejus

130 3384 163 3439 ut
176 3381 270 3440 nitore
280 3383 322 3440 tui
333 3383 431 3442 Sancti
443 3384 569 3456 Spiritus
579 3387 955 3460 circumseptiimmanita·
1008 3385 1150 3441 humanis
1160 3384 1523 3456 obtutibusprsesentatur,
1531 3389 1559 3442 et
1567 3385 1770 3459 obsequendis
1783 3387 1836 3444 ho·

129 3473 259 3528 lemnon
270 3472 429 3533 timeamus
439 3474 690 3532 Leonisborrendi
703 3492 710 3544 ς
723 3474 777 3532 red
792 3475 954 3548 majestatis
1008 3468 1130 3530 noriilce
1145 3472 1293 3546 aperitur:
1310 3471 1488 3545 bonusergo
1502 3468 1578 3530 odor
1589 3474 1833 3532 vestimentorum

130 3563 189 3617 ture
204 3561 309 3618 virtute
324 3562 463 3636 repulsus
477 3578 596 3636 semper
614 3563 761 3620 alessione
774 3569 879 3623 nostra
890 3581 952 3621 ma·
1008 3561 1277 3636 ejnssuperomnla
1287 3567 1422 3618 aromata
1430 3560 1834 3638 flagrant3quia'judiciarir·

128 3653 199 3705 neat
216 3649 342 3708 alienus.
1007 3639 1831 3710 tutnmiilinsexundantidaritaleiruotillcantiloucede

165 3737 251 3794 Pater
263 3743 373 3795 noster.
389 3735 519 3796 Liberali
529 3753 547 3796 a
559 3733 651 3797 malo.
664 3737 720 3810 [οἱ.
736 3743 763 3796 2.
1008 3755 1080 3814 ergo
1098 3738 1197 3811 nobis,
1211 3743 1243 3796 ut
1255 3739 1330 3797 odor
1345 3741 1488 3796 virtutum
1502 3739 1566 3812 ejus
1589 3741 1720 3815 sopitum
1732 3737 1830 3797 cordis

163 3825 952 3902 BenedictioDmnipotensDominrs‚quibeatissimam
1007 3829 1100 3888 nostri
1113 3845 1233 3886 sensum
1241 3827 1280 3885 ad
1292 3829 1497 3902 penitentiam
1508 3827 1615 3886 excitet
1630 3828 1831 3902 :utquinunc

126 3915 478 3988 llartiauarnvirginitatia
493 3933 529 3976 no
541 3917 692 3990 pudicitie
702 3918 821 3976 ornavit
834 3918 950 3986 decore,
1007 3917 1191 3992 percipimus
1199 3932 1234 3974 ex
1248 3917 1339 3974 odore
1350 3915 1493 3988 letitiam,
1506 3922 1574 3991 post
1587 3916 1786 3990 percipiamus
1795 3933 1831 3974 ex

125 4004 952 4080 montesvestrasexpialabomnimundanaeorruptio·
1007 4006 1182 4084 poeniteutia
1198 4005 1323 4077 gloriam
1342 4005 1535 4063 indefessam.
1552 4016 1586 4078 lp.
1606 4006 1715 4063 Amen.

124 4093 172 4153 nis
185 4095 387 4166 contagione:
409 4107 441 4165 ir.
472 4097 578 4154 Amen.
607 4096 724 4168 Quique
753 4093 803 4154 laic
817 4097 953 4169 prestitit
1044 4097 1098 4152 Per
1117 4093 1365 4152 misericordiam.

124 4183 382 4243 suamidolisnon
395 4185 538 4242 inclinare
550 4185 708 4251 cervicem,
725 4185 840 4242 svobis
852 4190 952 4245 arceat
1043 4195 1076 4253 lt.
1093 4182 1194 4242 Gaude
1214 4180 1284 4240 sitta
1299 4183 1378 4241 Sion.
1389 4180 1457 4240 rot.
1483 4193 1599 4240 csxxxr.

126 4272 286 4344 spirituum
300 4273 724 4346 malignorumtentationem3
742 4277 949 4344 ladmen-Ao,
1044 4268 1157 4330 Oratim
1177 4271 1259 4335 isso,
1279 4268 1331 4328 Del
1346 4269 1445 4342 nitius,
1461 4271 1514 4345 qui
1526 4273 1646 4329 bortum
1663 4272 1830 4329 illectorem

126 4359 204 4416 sicut
219 4361 268 4418 ille
286 4368 355 4435 post
368 4363 524 4420 victoriam
547 4363 666 4422 latetur
682 4377 751 4420 cum
770 4363 895 4434 cbristo,
912 4363 952 4422 ita
967 4355 1831 4442 1)ingredienaIntcrllliaopacapascerlaquandoincor·

126 4450 234 4508 eadem
262 4451 467 4524 patrocinante
489 4452 614 4510 reducas
637 4467 692 4510 sos
712 4451 869 4522 gaudeatis
886 4451 952 4512 fleri
1006 4465 1080 4525 pore
1093 4455 1155 4517 tuo,
1166 4446 1250 4523 quod
1268 4453 1313 4506 est
1321 4449 1459 4512 Ecclesia,
1485 4451 1663 4508 Sanctarum
1674 4447 1829 4521 Virgluum

128 4539 281 4612 paradiso.
298 4553 330 4614 lp.
346 4543 451 4600 Aaron.
1007 4537 1359 4601 coetibusdecoraris,ubi
1372 4537 1578 4597 beatissimam
1588 4539 1761 4596 llartiauam
1777 4536 1831 4592 mi-

162 4631 215 4686 Per
230 4629 475 4688 misericordiam.
1005 4629 1137 4688 rabiliter
1145 4628 1356 4695 introductam,
1371 4628 1411 4684 lta
1424 4629 1624 4687 mirttlceesm
1634 4626 1831 4683 floribusma-

161 4719 270 4780 scats
289 4721 430 4793 speciosa
445 4719 524 4778 laeta
537 4735 569 4777 es
582 4718 720 4778 elauavis
731 4719 762 4778 in
774 4719 951 4779 deliciistais
1005 4719 1087 4776 luisti
1111 4717 1219 4787 tuleiri,
1233 4720 1266 4773 ut
1279 4715 1356 4773 odor
1381 4717 1557 4789 virginitatis
1575 4717 1650 4786 elus.
1675 4719 1828 4787 tamquam

122 4805 261 4864 Alleluia.
291 4809 323 4864 Ρ.
346 4807 539 4866 Pulchritudo
568 4813 619 4866 tua
634 4809 738 4868 similis
760 4809 949 4882 estpalmta:
1005 4802 1826 4878 iloroulusaromatumeJ'usadnasusqueadsoeudsral:

119 4895 949 4970 indesinenterinplenitudineclaritas.Alleltria‚alleluia,
1006 4901 1034 4955 la
1047 4896 1175 4970 supplici
1194 4895 1358 4954 intentione
1377 4908 1531 4965 rogamus,
1549 4896 1589 4961 nt,
1604 4891 1829 4962 amotisiiguris

118 4985 247 5044 alleluia.
260 4985 293 5046 l.
309 4987 413 5046 Lauda
423 4989 606 5046 Hierusalem
615 4987 950 5048 Dominumtoonlauda
1006 4987 1111 5047 veteris
1119 4984 1308 5052 Testamenti,
1327 4999 1397 5056 qna
1417 4981 1499 5039 velat
1519 4980 1644 5046 umbra,
1673 4981 1704 5037 in
1723 4980 1830 5054 typicis

114 5075 211 5131 Deum
226 5079 313 5132 tuum
327 5077 407 5133 Sion.
422 5079 457 5134 P.
479 5076 680 5136 Pulchritudo.
1005 5073 1264 5134 observationibus
1278 5069 1579 5145 praecesseruntdies
1599 5068 1658 5139 ille,
1677 5068 1831 5141 Evangelii

146 5163 255 5222 Oratio.
270 5166 396 5224 Domine
431 5169 502 5224 lesu
513 5167 635 5236 Christe,
655 5165 708 5238 qui
720 5164 829 5238 specis,
842 5167 870 5222 et
885 5165 948 5238 pul·
1004 5165 1109 5236 utique
1123 5162 1253 5232 traditio,
1263 5161 1295 5218 in
1304 5159 1394 5218 nobis
1404 5157 1588 5230 adspirando
1600 5158 1747 5230 proficiat,
1756 5173 1831 5230 qua·

118 5253 284 5310 chritudine
296 5259 348 5310 trra
359 5255 566 5314 beatissimam
578 5255 773 5327 virginemne
785 5259 949 5330 martyrem
1003 5253 1072 5310 liter
1080 5249 1367 5324 itaexemplobestas
1375 5246 1499 5317 virginis
1510 5247 1659 5304 llartiame
1681 5244 1833 5315 Evangelii

126 5355 199 5398 unm
208 5343 383 5403 llarllantuu
395 5343 951 5418 speciosampnlchrsmque‚dumdili·
1003 5341 1103 5398 lucem
1114 5344 1174 5396 tota
1181 5337 1338 5396 devotione
1352 5349 1529 5410 aequamen
1546 5339 1579 5392 ut
1589 5335 1715 5393 umbras
1727 5339 1831 5406 prate·

112 5429 173 5500 gis,
202 5429 286 5498 iacis,
306 5439 335 5490 et
356 5434 468 5504 ingenti
497 5449 599 5492 amors
614 5435 806 5508 despondes:
826 5444 949 5492 munere
1004 5431 1053 5488 riti
1067 5433 1096 5486 et
1109 5428 1216 5484 erroris
1235 5433 1264 5486 et
1278 5428 1411 5484 oriminis
1424 5423 1608 5484 nesciamus.
1625 5435 1661 5495 lp.
1687 5429 1793 5480 Amen.

110 5532 247 5590 superno
257 5522 366 5582 adesto
376 5521 652 5582 schematisans
661 5523 801 5596 martyris
812 5525 951 5584 tuntas
1041 5516 1353 5580 Permisericnrdittm.
