4117 6175
41 5 415 18 -ᾑ-ψτ---.

267 267 324 355 tat·

416 413 504 476 l'mua'
519 411 556 470 de
574 407 705 466 medium
718 389 821 459 ndiib.

413 503 499 574 Quod
516 494 682 558 convolutis
696 483 823 550 attubus

379 598 492 655 Somno
506 585 637 665 maratis
649 581 772 656 torpunt

378 684 538 743 Delumens
553 669 718 734 insomnio

378 771 528 847 turpique
539 761 663 824 fluxuiu
673 756 806 816 semine:

415 858 499 920 Fusis
511 857 596 915 Pater
607 843 742 925 piissimi

379 947 611 1026 Expostulantes
623 934 753 1002 tletliitts,

381 1046 417 1102 Ut
426 1042 489 1099 iam
497 1033 639 1096 resedent
654 1023 779 1084 sordida

380 1129 551 1190 libidinum
562 1117 754 1179 fantasmata.

416 1218 499 1281 laba
517 1211 603 1288 quod
627 1203 725 1266 bostis
746 1195 862 1276 polluit,

382 1307 470 1379 Quod
483 1297 651 1364 sordidabit
661 1294 775 1352 innora
783 1306 797 1365 ς,

381 1395 558 1458 llnndemur
577 1398 683 1446 omnes
697 1372 828 1437 sordidis

382 1482 486 1544 carnis
504 1477 628 1553 grabate
641 1467 773 1544 spiritus.

417 1573 556 1629 Prasias.

576 1651 674 1710 Alius.

419 1749 580 1821 surgentes
588 1741 629 1800 ad
642 1743 670 1798 to
685 1731 810 1792 bomine

384 1844 452 1900 titre
466 1834 563 1896 noetis
577 1826 705 1896 silentio,

387 1927 504 2002 Vigiliis
517 1917 671 1994 obsequiis

383 2022 507 2079 Petrum
534 2011 694 2084 sequentes
717 1999 865 2066 ordinem,

423 2109 521 2176 Quen
540 2099 631 2158 nobis
644 2088 868 2164 dereliquerunt

387 2203 452 2256 lure
466 2187 657 2253 hereditario,

384 2284 583 2345 llinistrantas
595 2270 729 2334 eroubils

384 2371 450 2430 'libi
465 2369 569 2430 saron
581 2359 725 2424 emente

386 2904 472 2964 Nullo
486 2901 604 2958 tenatur
617 2891 752 2958 arimino,

387 2996 482 3060 Quem
491 2993 544 3046 tuo
555 2983 668 3042 tibrists
682 2972 831 3048 sanguim

387 3072 680 3138 Voluistiredtmsrs.
840 3124 845 3133 ,

422 3167 502 3226 obes
514 3164 647 3221 aerulo·
658 3152 783 3231 prunido

386 3258 494 3317 Pastor
504 3254 587 3311 boae
598 3246 743 3323 piissimo.

387 3347 433 3405 Ad
442 3343 547 3403 aulam
560 3332 749 3398 eelsitudini·

385 3434 453 3494 Tuis
467 3433 588 3505 reporta
597 3421 741 3485 nummis.

422 3508 794 3582 nabataea-utrantos,

387 3609 536 3671 abscedat
546 3606 687 3681 prlnoops
691 3596 868 3667 damodnm

386 3701 492 3759 Perdat
503 3696 631 3773 predam
647 3692 682 3750 da
693 3686 830 3749 iaueibus

388 3790 529 3849 insatiata
538 3784 647 3844 rabies.

422 3878 538 3937 nxutm
554 3857 689 3934 chrisiti
708 3852 863 3928 bombus.

385 3968 494 4028 Psallat
506 3981 595 4025 eorus
613 3948 776 4033 angeiieire',

386 4057 503 4118 Laudes
516 4054 624 4115 sonent
637 4043 669 4109 iri
679 4042 795 4121 organd

386 4151 441 4208 'lar
455 4148 581 4205 Sanetus
596 4142 678 4199 dieat
690 4122 828 4197 homino.

572 4231 673 4289 Alius.

422 4328 510 4385 lhesn
523 4320 662 4382 defensor
675 4310 812 4373 omnium

386 4415 537 4475 Protector
554 4414 583 4468 et
601 4386 760 4473 mirabilis,

387 4506 478 4564 sueta
494 4498 590 4560 nostis
604 4487 724 4578 aduemt

389 4594 424 4652 nt
436 4607 494 4651 nos
508 4602 618 4663 soporo
632 4578 723 4641 dediti

420 4685 456 4741 ln
470 4685 522 4741 tuo
535 4677 647 4738 Christe
659 4665 784 4731 nomine

387 4772 444 4843 Qui
455 4778 558 4831 ouatus
572 4771 603 4826 et
617 4762 758 4824 defensor
769 4760 812 4834 ss,

386 4862 420 4922 Et
433 4861 590 4937 vigilemus
600 4854 716 4933 spiritu,

387 4954 424 5011 ut
434 4962 606 5011 mereamur
617 4941 784 5021 lampades.

422 5043 563 5101 Ganwres
574 5042 643 5097 tuos
658 5032 793 5098 Domine,

386 5133 468 5200 Quos
479 5129 565 5189 iubas
576 5130 664 5185 noete
678 5134 800 5196 surgere

387 5202 864 5282 Adinvooandumtuumnomeri.

387 5310 473 5381 Quod
483 5306 574 5367 nobis
584 5310 628 5364 eet
640 5284 792 5362 laudabile
801 5315 812 5365 ,·

423 5401 519 5467 ouem
538 5394 640 5453 omnis
662 5395 744 5449 terra
759 5382 867 5448 metuit

388 5489 447 5547 Pro
458 5489 543 5545 tanta
553 5477 761 5567 magnitudine

390 5577 558 5649 sequamur
565 5572 598 5630 in
610 5569 699 5630 uude
714 5573 777 5639 tna,

903 241 1136 326 seettselttlt
1154 241 1353 324 blidin.

1113 377 1137 442 Α

1257 388 1344 456 Quod
1368 388 1418 464 pie
1440 388 1546 446 Sancto
1571 373 1732 458 postitiiiii.

1293 467 1735 546 imnorumeouotrspettonet

1258 569 1298 625 De
1310 566 1439 624 cordate
1453 563 1625 622 canentium

1259 659 1428 730 sequemur
1439 651 1514 711 tenti
1528 647 1631 723 geoul

1258 744 1410 802 Promissa
1427 735 1527 800 Sanoti
1543 735 1676 812 aptitus:

1295 832 1413 890 tlamor
1425 831 1458 888 in
1470 825 1556 887 notite
1571 821 1667 884 idoliis
1680 825 1735 893 θείς

1260 920 1363 979 thasus
1375 921 1530 992 ingressus
1543 913 1641 973 iatittls

1260 1012 1295 1067 Εἰ
1306 1007 1463 1079 vigilantes
1471 1003 1617 1080 provocet

1261 1102 1372 1157 intrare
1391 1100 1496 1154 saneta
1511 1089 1604 1166 regias

1298 1186 1413 1244 Gaudet
1436 1200 1569 1258 sponsus
1585 1177 1739 1254 virgiliani

1262 1268 1419 1348 ingressus
1434 1273 1465 1330 in
1479 1266 1590 1342 oulllio,

1263 1364 1316 1424 Ubi
1332 1378 1458 1422 coronas
1468 1357 1625 1419 maiitiam

1261 1453 1417 1526 Raiulgant
1430 1454 1500 1509 ante
1513 1447 1687 1508 Dominuirta

1296 1533 1741 1618 [emnemedemtentegtutt

1298 1631 1427 1689 Daturus
1448 1644 1480 1688 as
1502 1623 1704 1693 credentibus,

1137 1717 1143 1726 '
1262 1721 1350 1789 Quod
1361 1719 1449 1777 nobis
1462 1719 1523 1776 sitit
1532 1717 1652 1776 animus

1263 1807 1309 1867 Sie
1319 1823 1489 1866 mereamur
1500 1799 1658 1878 consequi.

1298 1897 1427 1955 Medium
1441 1893 1538 1954 noetis
1553 1891 1689 1968 iempote

1262 1985 1405 2045 Proietiea
1418 2000 1478 2042 vox
1491 1983 1636 2042 admonet

1262 2077 1405 2135 Dioamus
1415 2076 1521 2135 laudes
1537 2069 1664 2134 llomino

1262 2167 1339 2226 Patri
1354 2182 1474 2241 semper
1488 2170 1516 2224 et
1528 2165 1609 2236 l'illd,

1299 2257 1406 2314 Seneto
1426 2265 1548 2330 quoque
1570 2249 1708 2328 Spirilillt'

1262 2345 1394 2404 Perlaota
1411 2338 1629 2403 enim·Triaitae

1263 2435 1415 2510 Uniusque
1429 2434 1596 2492 substantie

1263 2523 1430 2582 laudanda
1449 2534 1566 2597 semper
1580 2516 1668 2580 nobis
1689 2519 1742 2580 est.

1298 2612 1427 2671 Uedium
1439 2612 1535 2670 noetis
1545 2605 1680 2686 tampole'

1262 2704 1391 2775 Pergans
1400 2704 1533 2759 vastator
1544 2697 1679 2774 angelus,

1262 2791 1369 2865 ligipto
1383 2787 1511 2848 mortalit
1524 2786 1653 2848 inferens

1264 2879 1354 2937 Diluit
1367 2878 1577 2952 primogenita,

1300 2971 1359 3026 lleo
1371 2983 1424 3028 ora
1434 2967 1520 3026 iustis
1532 2967 1613 3026 salus
1627 2959 1671 3027 est

1149 3082 1152 3096 ·
1264 3057 1297 3117 ln
1315 3073 1377 3134 quo
1393 3073 1425 3116 se
1438 3058 1532 3117 vietus
1545 3054 1671 3131 angelus

1263 3151 1360 3205 lustu
1373 3146 1479 3221 punire
1489 3163 1553 3227 non
1563 3146 1627 3208 luit.

1264 3236 1390 3309 Signum
1404 3235 1570 3295 formidans
1585 3240 1743 3311 sanguine.

1299 3327 1422 3402 Egiptus
1435 3327 1527 3386 flebat
1543 3314 1654 3385 loriiiai

1264 3418 1425 3475 Tantarum
1440 3416 1506 3475 dira
1518 3400 1625 3475 beera

1267 3505 1353 3564 Solus
1368 3506 1518 3578 gaudebat
1530 3464 1634 3565 srahei

1264 3596 1341 3667 agni
1350 3599 1501 3668 protectus
1512 3590 1669 3669 §anguine

1299 3686 1358 3741 Nos
1370 3700 1438 3742 vero
1457 3682 1559 3743 srahel
1573 3684 1689 3755 sumni,

1265 3775 1442 3832 betamurin
1456 3770 1484 3833 ie'
1498 3770 1633 3849 Domine,

1264 3864 1384 3922 llostsm
1395 3864 1614 3938 prosternentes
1627 3850 1745 3925 iiial'rini

1265 3952 1373 4011 Christi
1381 3952 1497 4011 dolensi
1515 3952 1670 4027 singuline.

1298 4043 1428 4102 lledium
1441 4044 1538 4103 noetis
1555 4038 1690 4120 iempois

1263 4132 1407 4190 Perseos
1424 4128 1594 4204 evangeliea

1264 4224 1412 4279 venturus
1424 4237 1547 4295 spossus
1560 4214 1691 4283 orodiitir

1263 4302 1644 4383 negnteelestiscondttoi',

1300 4398 1461 4457 Ooeureent
1487 4404 1589 4459 saneto
1612 4392 1744 4473 iirgibes

1264 4484 1390 4546 Obviam
1402 4486 1635 4563 tunoad'ven’lui,
1690 4560 1696 4569 ι

1265 4575 1366 4635 Clarae
1393 4575 1544 4651 gestantes
1573 4566 1745 4654 lampades,

1265 4667 1370 4737 llegno
1383 4665 1509 4725 letantes
1521 4662 1644 4743 gaudio.

1301 4755 1393 4814 Stulta
1407 4754 1477 4814 ioris
1493 4754 1660 4830 remanent,
1694 4828 1699 4837 Ι
1764 4738 1771 4750 ’

1265 4840 1743 4923 Quiextinotashabenilampadas,

1265 4934 1385 4993 Frustra
1394 4934 1550 5009 pulsantes
1566 4936 1691 5013 ianuan'n

1265 5023 1405 5083 Clausam
1428 5024 1490 5083 iam
1512 5022 1596 5099 regni
1613 5022 1742 5101 'regiain

1301 5115 1400 5182 Quare
1416 5110 1574 5185 vigilemus
1590 5114 1690 5175 sobrie

1267 5206 1384 5266 stantes
1398 5207 1498 5262 menta
1513 5201 1675 5278 splendidi.

1267 5298 1303 5353 Ut
1315 5292 1491 5352 adveniente
1506 5286 1594 5358 lhesu

1267 5383 1354 5457 Digni
1365 5398 1560 5442 oeourramns
1576 5360 1707 5450 obuiam.

1302 5471 1431 5531 Medium
1444 5472 1540 5531 noetis
1558 5459 1691 5563 tempora

1267 5560 1379 5623 Paulus
1394 5576 1516 5636 quoque
1530 5566 1560 5622 et
1573 5542 1666 5625 §iisse
