4117 6175
37 5 411 14 -—·-——--·-=--·-·--------=·
445 5 455 22 ῃ·
501 7 505 10 v

223 257 286 319 895,

221 384 405 440 Restaurans
415 382 548 438 mentm
559 378 733 437 ortamentis
761 375 833 432 fidei

223 473 255 526 ln
269 469 316 526 his
327 469 474 526 ferborem
493 472 607 525 recreat
622 465 745 523 martirii

224 557 309 624 Quod
322 557 574 631 properarenthic
593 555 632 613 ad
653 554 788 627 palmam
811 552 937 609 alacres.

259 643 393 702 inlusum
407 645 447 701 ita
456 661 488 702 se
500 644 607 701 dolens
631 642 781 714 sapricius

224 731 391 790 ambarum
404 737 504 790 censet
525 736 607 789 artus
622 745 732 803 cupam
747 743 833 785 urere

224 821 357 886 Quarum
368 835 405 876 ex
416 835 488 877 nece
505 820 579 876 dum
599 816 703 874 ulcisci
715 816 817 874 nititur

223 907 359 966 Victrices
368 907 546 966 iecitethsra
561 905 763 964 conscendere

224 996 270 1053 ed
288 994 453 1053 obtinenda
465 995 607 1053 diadema
621 993 713 1065 regia.

260 1083 368 1141 Gavisa
381 1083 481 1157 celeps
495 1083 570 1140 dum
583 1099 621 1140 ex
643 1083 701 1139 hoc
720 1081 889 1154 presisteret

225 1171 348 1230 boanda
358 1173 445 1246 penis
460 1172 640 1230 sublimetur
649 1171 746 1242 stipite

225 1259 385 1318 Dilaniatur
395 1260 498 1332 flagris
515 1259 730 1334 atqueungulie

225 1348 362 1405 Libenter
376 1349 485 1421 perfert
505 1348 597 1405 iacies
618 1345 740 1420 [iaces]
754 1346 785 1400 iu
794 1342 940 1400 lateribus

225 1435 271 1493 Ad
284 1435 403 1509 pmmas
417 1436 533 1492 vultum
559 1449 706 1508 properas
720 1431 851 1488 illerum.

259 1522 449 1580 Atrocitatcm
470 1537 663 1594 supergressa
673 1519 801 1593 presidis

226 1609 402 1682 spiculatori
416 1610 591 1683 perimenda
610 1609 735 1667 traditur

224 1699 358 1756 itubtura
370 1714 515 1771 sponsum
527 1699 588 1757 iam
600 1699 749 1772 quoheres
764 1695 921 1754 martirum
1066 1713 1085 1768 g

226 1785 528 1858 Sihipetentil'euiilo
550 1786 711 1843 scolastico

225 1876 342 1931 Munere
353 1877 448 1932 misso
458 1874 610 1932 laureatur
624 1873 781 1946 sanguine.

261 1963 431 2034 ltparadiso
441 1964 588 2021 destinata
604 1978 733 2020 munera

225 2048 355 2107 'l'eufilus
368 2067 491 2109 sumens
517 2051 683 2109 admiratur
694 2048 834 2124 stupidus

224 2137 325 2195 thium
336 2139 483 2196 melorum
508 2139 554 2197 vel
574 2155 713 2197 rosarum
729 2137 871 2194 suabium

226 2226 360 2292 Quorum
370 2225 489 2283 afflatus
503 2232 664 2283 renovatur
686 2225 783 2281 vivido

226 2311 381 2371 Credendo
390 2313 497 2371 laudat
509 2313 657 2372 Christum
670 2313 721 2370 Dei
736 2311 852 2369 Filium.

261 2401 357 2467 Quum
367 2406 446 2459 esset
459 2401 532 2459 olim
551 2401 648 2458 crucis
658 2401 762 2458 Christi
776 2399 891 2457 derisor

225 2487 383 2546 confessor
394 2488 487 2546 iactus
507 2493 629 2562 repente
647 2487 820 2562 potissimus

225 2575 342 2634 Diffuso
356 2592 407 2635 ore
423 2577 593 2636 crucifixum
606 2577 765 2652 predicans

227 2664 460 2725 Simulaerorum
474 2667 674 2741 imposturam
689 2666 720 2722 in
730 2666 872 2724 flammas

227 2753 358 2812 Funesta
371 2770 474 2814 coram
488 2755 603 2830 preside
618 2754 800 2830 prenuntiat.

263 2845 344 2899 Tunc
357 2842 459 2902 turena
478 2845 569 2903 iudex
588 2846 669 2902 buno
684 2845 758 2901 sistit
772 2843 873 2900 eculeo

227 2929 426 2988 afficiendum
446 2933 532 3003 penis
558 2931 730 2989 noxialibus

227 3017 322 3081 Quem
342 3022 375 3074 ut
384 3019 507 3075 advertit
518 3019 602 3076 vultu
615 3018 844 3091 imperterritum
1068 3051 1089 3111 C

226 3108 268 3159 Ao
279 3103 459 3176 pertinacem
478 3106 507 3161 in
518 3106 575 3161 fide
590 3107 748 3179 persistere

226 3190 425 3251 Perimitense
435 3208 507 3251 mox
520 3193 624 3251 effecta
636 3193 799 3251 martirem.

262 3278 308 3337 oh
317 3281 378 3338 hoc
392 3282 572 3356 Redemptor
585 3282 719 3355 supplice
733 3283 925 3355 exposcimus

227 3368 385 3444 litquiqoe
398 3371 508 3429 horum
527 3371 756 3442 congaudemus
778 3372 891 3430 meritis

226 3457 261 3513 lit
269 3454 351 3513 diem
362 3457 471 3515 testum
482 3458 585 3516 botibe
599 3458 765 3516 excolimus

225 3542 270 3597 Ab
283 3543 331 3600 his
343 3544 456 3602 defensi
476 3562 633 3605 careamus
648 3546 730 3603 vitiis

225 3630 446 3705 Expiemurque
464 3635 579 3692 cunctis
594 3652 613 3692 a
627 3634 781 3709 deliquiis.

262 3717 555 3792 iiiiquoquenostris
574 3722 703 3780 fabendo
723 3723 871 3781 miseriam

226 3805 503 3881 compatiendoque
522 3811 746 3869 necessitatibus

226 3892 344 3950 Cunctis
358 3893 504 3953 adsistant
524 3898 642 3972 patroni
669 3899 783 3955 assidui

226 3981 261 4038 Ut
272 3995 354 4039 nunc
371 3989 487 4058 ereptos
507 3987 548 4043 ab
568 3986 800 4043 adversitatibus

225 4068 359 4128 Victores
370 4087 474 4130 secum
486 4073 607 4145 prolean
615 4074 805 4149 [provehant]
820 4074 860 4131 ad
873 4075 1029 4148 premium.

260 4156 364 4217 Presta
374 4175 540 4234 quesumus
554 4163 653 4219 unitas
668 4162 802 4235 potentia

225 4246 350 4305 Summa
361 4249 414 4322 qui
424 4250 503 4323 regis
516 4249 686 4307 seculorum
700 4250 800 4306 secula

224 4335 261 4391 ut
272 4338 299 4391 te
310 4334 447 4393 fruamus
465 4338 530 4394 sine
543 4338 604 4393 flue
614 4341 750 4408 tempora

223 4421 473 4494 Luxangelorum
493 4424 596 4481 etdies
617 4426 780 4497 perennius

225 4507 274 4565 Sol
287 4509 353 4581 ipse
365 4509 453 4566 nobis
463 4511 563 4580 vigeas
570 4516 741 4586 perpetuus.

259 4594 291 4657 i.
305 4598 455 4653 iustorum
476 4599 586 4656 anime.

285 4684 390 4741 Ymocs
402 4684 434 4741 io
443 4686 521 4744 diem
531 4694 634 4747 sancte
643 4688 761 4747 [iniciis
770 4690 996 4748 Barcinonensis

260 4772 365 4844 Fulget
378 4774 476 4831 bonor
490 4776 617 4845 sepulcri
623 4777 751 4834 martiris
766 4778 886 4836 Eulalia.
894 4780 930 4837 Ut
941 4780 973 4836 tn
984 4779 1049 4849 ejas

222 4860 403 4926 Fatimtate,
418 4863 468 4920 die
482 4868 524 4921 it.
540 4866 710 4924 Februarii.

387 4951 498 5009 Ymous
507 4953 539 5010 sis
550 4954 668 5011 eccon
680 4958 777 5014 suncti
792 4954 885 5013 Petri.

439 5040 513 5099 Vm
526 5042 675 5101 Kalendas
695 5044 834 5101 Martius.

259 5126 370 5185 Ol’etre
382 5131 466 5201 petra
480 5129 612 5187 ecclesie.
628 5132 664 5188 Ut
678 5133 712 5188 in
733 5132 913 5198 declivitate,
936 5131 985 5188 oie
998 5132 1048 5189 22.

257 5216 289 5279 i·
304 5215 404 5275 Gloria
418 5217 565 5276 ctdivitie.

266 5314 377 5373 Ymous
390 5314 423 5372 tn
441 5314 695 5373 diemsonctoram
706 5316 851 5373 Emeterii
857 5322 885 5374 ct
895 5316 1048 5377 celedoni.

494 5404 520 5458 V
527 5403 559 5459 N
559 5418 631 5459 onos
642 5402 781 5459 Martios.

261 5489 375 5562 Scripta
392 5493 462 5546 sunl
475 5488 540 5547 oelo
555 5489 696 5546 duorum.
714 5490 751 5547 Ut
764 5490 797 5547 io
810 5506 911 5548 eorum
922 5492 1051 5551 stativi-

225 5574 295 5642 tote,
306 5576 354 5634 die
368 5580 394 5633 3.
418 5576 534 5635 Martii.

858 241 1076 306 BREVIARUM
1096 243 1287 308 detumuit.

1107 367 1902 452 Ymousdiccodusliocinicorpostdpporitiosciiomisi

1855 261 1902 320 896

1134 443 1902 574 fflgpcrumusqueadliominicumontcCamestot·

1134 655 1211 728 agni
1226 659 1344 717 Genitor
1358 660 1494 719 Domine.
1524 664 1562 721 Ut
1573 663 1605 720 io
1625 663 1848 735 Breviorio,fot.
1863 669 1901 725 ii.

1284 784 1436 843 Ymnusin
1453 801 1559 844 carnes
1582 787 1741 846 tollendas.

1135 905 1260 965 aleluia
1270 907 1327 982 piis
1342 909 1418 968 edite
1441 909 1591 970 laudibus.
1604 912 1662 983 sol.
1680 915 1740 970 tar.

1136 993 1167 1056 lt:
1186 995 1281 1061 Quam
1297 997 1407 1056 dulcia.

1308 1122 1416 1181 ymnus
1428 1123 1465 1181 de
1479 1123 1724 1194 ouodrwesimc.

1138 1244 1322 1303 Ollazarene
1332 1246 1385 1304 lux
1393 1247 1526 1306 Bethlem
1551 1248 1681 1306 Verbum
1692 1247 1785 1306 Patris
1800 1249 1853 1319 fol.
1863 1249 1905 1305 tls

1106 1332 1165 1398 tie,
1182 1334 1233 1389 tle
1249 1333 1311 1391 lli.

1191 1474 1347 1532 lternolius
1366 1477 1403 1534 de
1418 1477 1564 1536 mediante
1588 1477 1831 1549 Quadrupesims.

1175 1599 1290 1655 tabens
1305 1599 1445 1657 redemtis
1460 1607 1530 1658 vote
1541 1601 1729 1668 abstinentie,

1138 1687 1262 1744 Occurre
1276 1687 1360 1744 fessis
1371 1692 1433 1745 ltux
1448 1705 1536 1746 verus
1549 1689 1737 1757 Emmanuel,

1137 1777 1231 1847 aquo
1246 1775 1346 1833 dicata
1356 1777 1488 1834 sanctius
1499 1776 1612 1834 ieiunia

1138 1861 1343 1920 Formaiuturi
1361 1866 1494 1922 noscitur
1516 1866 1553 1922 ad
1566 1865 1694 1936 gloriam

1138 1950 1220 2022 Opus
1231 1951 1335 2008 celeste
1351 1953 1434 2022 regni
1444 1969 1510 2010 esse
1523 1954 1656 2010 ianuam.

1174 2039 1225 2096 Cui
1237 2039 1261 2094 si
1271 2054 1397 2098 consors
1411 2040 1491 2098 clara
1502 2042 1586 2098 sidus
1600 2041 1729 2100 rutilans

1139 2127 1232 2198 lgnitu
1242 2125 1363 2200 lampas
1379 2130 1536 2186 misceatur
1544 2131 1675 2201 largitas,

1140 2219 1269 2290 Utraque
1279 2216 1376 2274 libans
1390 2218 1470 2276 celsa
1496 2219 1636 2292 quisnam
1652 2220 1759 2277 dextra

1139 2304 1262 2378 liiteque
1284 2312 1457 2378 composui
1481 2307 1536 2364 alis
1547 2309 1706 2381 pinnigera

1141 2391 1240 2452 velatu
1252 2395 1357 2468 pernix
1375 2396 1435 2469 poli
1451 2396 1512 2455 edit
1526 2397 1641 2454 intima.

1175 2483 1284 2557 [xcvru]
1296 2483 1416 2554 insigne
1433 2484 1517 2542 cuius
1537 2486 1636 2544 lloiscs
1651 2484 1818 2542 misterium

1139 2571 1188 2628 Dei
1200 2571 1315 2628 amicus
1332 2572 1426 2630 extitit
1450 2573 1590 2642 oraculo;

1139 2661 1252 2732 liaptus
1267 2660 1347 2717 Elias
1360 2660 1414 2717 celi
1427 2677 1512 2718 curro
1525 2661 1625 2734 igneo,

1139 2747 1330 2806 Fultatuetur
1344 2749 1467 2806 Ninuibe
1482 2766 1552 2806 cum
1566 2751 1679 2806 civibus

1139 2837 1225 2903 Quod
1240 2837 1323 2894 verbi
1341 2836 1433 2895 claret
1453 2837 1732 2896 veritatisnuntius.

1174 2926 1287 2982 Passim
1301 2925 1410 2983 deinde
1420 2931 1451 2982 tu
1461 2927 1604 2996 magister
1618 2927 1750 2984 celibum

1140 3013 1376 3080 Quaterdierum
1397 3014 1496 3072 decies
1511 3016 1659 3071 curriculo

1139 3102 1561 3176 llictortriumphasparadisi
1582 3104 1717 3171 heremo,

1139 3194 1235 3249 llorsu
1245 3190 1343 3249 delicti
1356 3192 1482 3249 abluens
1500 3192 1620 3260 ieiunio,

1140 3280 1267 3339 Prorsus
1277 3282 1418 3339 resistens
1435 3282 1582 3339 temtatori
1593 3280 1717 3339 caliido.

1175 3369 1262 3437 Quod
1275 3384 1331 3427 nos
1354 3374 1511 3441 soquentes
1526 3370 1658 3426 usitatim
1670 3369 1806 3427 decimes

1141 3456 1367 3517 Saltimdierum
1383 3472 1463 3515 nunc
1473 3458 1595 3515 litamur
1608 3457 1710 3515 hostia
1727 3478 1736 3512 z

1139 3546 1182 3602 Tu
1195 3561 1317 3619 quoque
1332 3546 1410 3603 mitis
1421 3547 1500 3618 iugis
1518 3546 1717 3617 indulgentia,

1141 3637 1176 3693 tlt
1189 3634 1363 3693 holocausta
1385 3634 1470 3693 attice
1486 3635 1696 3708 pinguissima,

1138 3723 1201 3791 Qua
1213 3722 1369 3795 expiemur
1387 3723 1524 3781 cordium
1533 3723 1661 3797 piacula.

1174 3810 1317 3868 Poculum
1329 3815 1392 3868 esto
1402 3812 1461 3869 vite
1474 3811 1647 3877 sitientibus,

1137 3900 1216 3955 Fons
1231 3900 1382 3972 aquaviva
1394 3900 1479 3970 regni
1495 3916 1561 3956 sors
1576 3900 1732 3959 denarius.

1138 3987 1220 4045 Guile
1234 3988 1286 4061 qui
1302 3993 1406 4057 gustus
1426 3988 1457 4044 ln
1471 3988 1567 4045 Adam
1583 3988 1759 4057 cecidimus,

1139 4075 1295 4146 surgendo
1311 4078 1341 4133 in
1362 4082 1389 4134 te
1407 4076 1569 4133 ieiunando
1583 4074 1718 4148 dapibus

1137 4162 1317 4221 deficiamus
1332 4180 1402 4221 cum
1417 4164 1554 4237 supernis
1569 4164 1696 4221 civibus.

1174 4251 1230 4317 Qui
1241 4252 1435 4310 contritorum
1458 4267 1517 4307 usu
1534 4250 1679 4309 sacrificio

1137 4338 1215 4396 Ades
1230 4338 1337 4396 latroni
1349 4340 1379 4396 iu
1404 4340 1501 4397 crucis
1515 4339 1652 4412 patibulo
1670 4358 1677 4408 ;

1137 4428 1228 4485 Nobis
1235 4429 1339 4485 adesto
1353 4428 1456 4485 celitus
1471 4433 1503 4485 tu
1528 4428 1658 4495 Domine,

1138 4516 1234 4573 Nostri
1250 4521 1412 4583 memento,
1429 4531 1485 4572 nos
1503 4514 1541 4572 de
1557 4520 1643 4572 trono
1657 4515 1786 4588 respice,

1138 4604 1220 4669 Quos
1231 4603 1380 4662 redemisti
1393 4608 1445 4661 tuo
1472 4618 1558 4661 sacro
1584 4602 1744 4675 sanguine.

1172 4691 1267 4749 iudex
1284 4697 1316 4749 ut
1330 4691 1393 4765 ipse
1407 4706 1500 4765 quum
1522 4690 1695 4748 tremendus
1706 4690 1818 4749 senens

1138 4778 1242 4837 Pravis
1257 4795 1343 4837 crues
1360 4780 1538 4851 angelorum
1552 4780 1697 4852 humeris,

1137 4870 1257 4927 'terrore
1269 4868 1417 4926 mundum
1427 4868 1558 4939 tubeque
1569 4868 1766 4937 concusseris,

1139 4959 1213 5015 Gum
1224 4957 1334 5016 sanctis
1347 4957 1404 5031 ipsi
1422 4956 1557 5013 innobati
1572 4955 1709 5027 gloriam,

1138 5046 1277 5103 Dextram
1288 5050 1421 5103 tenentes
1445 5045 1613 5101 evadamus
1626 5050 1747 5103 tartara.

1175 5135 1337 5208 Prestaque
1354 5150 1476 5191 summa
1495 5133 1619 5189 Trinitas
1643 5132 1784 5206 potentie,

1140 5226 1253 5282 Cuncta
1262 5222 1316 5297 qui
1328 5223 1407 5294 regis
1416 5222 1585 5279 seculorum
1604 5224 1714 5289 secula,

1139 5314 1175 5369 Ut
1184 5318 1211 5369 te
1221 5312 1352 5369 fruentes
1371 5311 1434 5369 sine
1455 5312 1513 5369 line
1528 5312 1634 5383 gloria,

1141 5404 1202 5457 lux
1221 5400 1397 5471 angelorum
1409 5406 1438 5457 et
1453 5400 1518 5457 dies
1530 5400 1696 5473 perennius,

1141 5488 1191 5546 Sol
1202 5488 1267 5560 ipse
1281 5488 1369 5547 nobis
1379 5488 1482 5561 vigeas
1508 5496 1679 5562 perpetuus.

1175 5578 1278 5635 Amen.
