4117 6175
248 277 321 348 1048
393 344 400 358 ,
890 274 1122 338 aestuarunt
1140 270 1337 335 (tumebit.
1889 265 1956 324 lbli

498 409 559 466 Did
577 407 634 466 llllt
656 405 827 465 tractari.
1094 403 1119 458 A
1133 404 1234 462 autem
1243 401 1424 474 justoruma
1439 396 1566 454 Domino
1579 411 1586 452 r
1600 398 1630 454 et
1642 395 1788 469 protector
1794 405 1899 450 corum
1912 395 1953 450 est

286 501 584 560 isrssrcseucroauu
603 513 792 563 cusnnrcrnss
807 511 968 552 uterinus.
1132 495 1267 565 tempore
1282 487 1496 547 tribulationis.
1509 487 1545 545 P.
1553 489 1587 544 nt
1613 485 1812 542 delectentur.
1827 483 1861 542 i.
1887 482 1949 539 Glo·

287 593 386 649 Omnia
393 585 1077 661 dicanturplurimonrmMartpmm,sol.ccxvur
1130 581 1184 647 ria,
1200 585 1229 638 et
1243 581 1341 638 bonor
1353 579 1440 636 Patri.
1457 577 1490 633 P.
1507 579 1540 634 lit
1555 573 1752 634 delectentur.

248 687 353 756 prater
365 680 501 750 Officium
511 679 545 736 de
561 675 900 747 vespertinorum
913 673 1078 731 etBenedi·
1165 671 1310 729 Dominus
1326 669 1362 726 sit
1378 683 1507 742 sempor.
1532 669 1563 723 P.
1580 665 1703 722 Etcum.

252 773 361 829 cinnes
374 773 404 826 et
414 765 842 838 captctacelsatctesaqcae
850 768 886 820 ct
899 767 1076 835 sequantur.
1167 761 1270 818 Laudo
1285 757 1496 816 clamaverunt
1506 756 1589 830 justi,
1604 759 1633 811 et
1643 750 1950 811 Dominusexaudivit

534 857 583 912 Ad
617 855 790 926 vesperum.
1130 863 1183 907 eos
1196 847 1320 905 Alleluia
1335 864 1342 904 ε
1356 847 1389 903 Ρ.
1407 847 1439 903 et
1453 859 1489 902 ex
1504 843 1648 902 omnihus
1674 841 1825 916 pressuris
1844 855 1948 897 eornm

285 949 403 1007 Laudo.
422 947 561 1003 buxorta
576 947 620 1001 est
630 945 727 1015 justis,
741 945 772 999 Ρ.
786 945 820 999 nt
826 941 913 999 rectis
925 941 1015 999 corde
1028 941 1078 999 loe-
1129 936 1269 994 liberavit
1278 951 1340 993 eos.
1352 934 1486 1002 Alleluia,
1517 932 1637 990 alleluia
1653 931 1704 993 ‚lt
1720 931 1817 990 llulte
1828 929 1951 987 tribule-

251 1037 324 1095 titia.
334 1036 367 1098 i.
381 1035 560 1093 Gaudebunt
573 1034 646 1106 justi
657 1048 727 1090 cum
740 1031 881 1089 omnibus
902 1030 1026 1089 sancus.
1045 1033 1076 1088 P.
1131 1026 1228 1084 tiones
1233 1027 1386 1098 justorum
1401 1043 1408 1080 ε
1421 1027 1450 1080 et
1464 1023 1503 1079 de
1512 1021 1560 1078 bis
1578 1023 1723 1079 omnibus
1742 1020 1884 1077 liberavit
1902 1033 1953 1075 eos

252 1125 381 1182 Etrectis
396 1125 493 1181 corde.
1132 1115 1284 1172 Dominus.
1297 1115 1329 1170 P.
1344 1117 1378 1170 Et
1392 1129 1430 1170 ex
1455 1111 1610 1170 omnibus.
1626 1109 1657 1172 ll.
1674 1109 1785 1181 Gloria,
1802 1111 1831 1166 et
1845 1109 1953 1165 bonor.

289 1216 376 1271 sono.
388 1213 520 1270 Gaudete
526 1212 599 1283 iusti
612 1211 642 1266 in
658 1210 803 1268 Domino:
819 1213 915 1267 rectos
925 1209 1011 1266 decet
1020 1207 1078 1266 col·
1131 1205 1161 1260 P.
1183 1207 1217 1262 Et
1230 1220 1265 1262 ex
1285 1201 1441 1261 omnibus.

251 1298 1077 1370 laudatioAlleluiait.confiteminiDominoincithara:
1475 1291 1625 1363 limaces.

251 1392 283 1449 in
297 1391 438 1465 psalterio
446 1389 738 1473 decemchordarum
746 1387 862 1460 psallite
868 1385 1076 1450 De,o.Alleluia.
1204 1379 1344 1440 Solemne
1356 1380 1467 1438 testum
1492 1378 1557 1452 ples
1573 1376 1706 1450 benigna
1720 1375 1852 1451 promite

287 1479 433 1537 Dominus
444 1478 481 1535 sit
502 1493 633 1549 semper.
649 1489 684 1547 p.
700 1479 734 1534 ut
745 1491 826 1533 cum.
1169 1469 1338 1529 sebastiani
1350 1467 1493 1544 martyris
1508 1465 1708 1533 sanctissimi,

285 1565 1077 1638 Actipbcco.ElevavernntadDominummannssuas,
1168 1561 1232 1627 Quo
1248 1559 1399 1617 muudum
1412 1557 1554 1632 linquens
1564 1555 1734 1628 regnacoeli
1747 1553 1883 1629 possidet
1896 1567 1905 1612 r

250 1660 282 1715 P.
295 1659 329 1715 Et
341 1657 495 1714 dixerunt:
507 1653 643 1724 Domine,
657 1655 862 1726 Quadraginta
876 1669 994 1723 sumus,
1005 1669 1080 1728 qua·
1168 1652 1278 1708 Omnes
1294 1664 1406 1707 sonoro
1418 1647 1518 1720 jubilo
1544 1647 1705 1712 concinite,

252 1746 393 1820 draginta
405 1751 596 1803 coronentur.
611 1743 645 1805 ll.
662 1743 765 1801 Lauda
775 1742 960 1801 Hierusalem
985 1743 1113 1818 Domi-3
1167 1739 1346 1813 Christoque
1357 1742 1427 1796 vota
1453 1736 1544 1794 corde
1560 1751 1637 1812 puro
1652 1733 1777 1794 reddite.

251 1850 327 1894 uum
341 1851 349 1893 t
362 1834 514 1893 conlauda
525 1833 622 1891 Deum
642 1837 728 1891 tuum
740 1832 821 1891 Sion.
836 1836 867 1890 P.
879 1831 914 1890 Et
927 1833 1080 1892 dixerunt.
1204 1828 1254 1886 llic
1263 1829 1431 1886 litterarum
1442 1827 1553 1898 clarus,
1569 1829 1597 1884 ct
1608 1824 1795 1892 christicola,

250 1923 285 1987 lt.
303 1923 410 1982 Gloria.
420 1931 449 1982 et
457 1925 555 1982 bonor
572 1923 659 1981 Patri.
672 1925 702 1979 P.
719 1923 909 1980 Etdixernnt.
1168 1921 1203 1976 Et
1214 1917 1374 1975 Mediolani
1388 1916 1500 1974 indolis
1517 1914 1675 1986 indigena,

287 2013 434 2072 Dominus
444 2012 483 2070 sit
494 2027 623 2085 semper.
631 2023 664 2083 tp.
676 2013 711 2069 st
720 2026 800 2067 cum.
1169 2007 1282 2064 Charus
1289 2009 1427 2080 Tyranno
1442 2009 1525 2063 erat:
1541 2019 1615 2062 nam
1628 2001 1819 2076 Principibus

287 2101 400 2159 Mada.
424 2101 609 2172 Sanguinem
637 2102 816 2158 Sanctorum
837 2100 991 2174 requiram
1011 2113 1079 2171 ego,
1170 2094 1232 2153 Sub
1245 2099 1325 2154 veste
1337 2095 1376 2153 ad
1390 2095 1449 2152 hoo
1464 2091 1610 2151 mundiali
1621 2092 1767 2159 militans,

250 2186 324 2246 dicit
335 2187 497 2255 Dominus;
511 2188 541 2244 P.
556 2190 590 2244 lit
605 2185 749 2245 habitabo
764 2201 835 2245 oum
866 2187 909 2244 eis
933 2187 965 2245 in
986 2203 1081 2260 regno
1170 2184 1250 2243 Fidei
1259 2189 1292 2241 nt
1305 2185 1400 2256 digna
1407 2183 1550 2240 mulceret
1560 2183 1704 2256 alloquia.

250 2293 331 2336 meo.
346 2276 482 2344 Alleluia,
496 2275 625 2334 alleluia.
639 2275 674 2338 t.
685 2275 793 2333 Fidelis
809 2275 955 2334 Dominus
973 2277 1005 2333 in
1016 2291 1082 2333 ver·
1206 2275 1270 2331 Dno
1285 2271 1405 2346 gemelli
1426 2289 1462 2330 ac
1484 2271 1589 2329 fideles
1603 2269 1711 2329 milites

251 2366 299 2425 bis
307 2366 385 2424 suis:
398 2369 428 2423 et
440 2367 562 2422 sanctus
579 2365 611 2422 in
632 2365 775 2422 omnibus
793 2364 935 2438 operibus
958 2365 1033 2423 suis.
1049 2365 1079 2423 P.
1170 2363 1362 2424 llarcelianus
1390 2363 1481 2421 irater
1495 2367 1524 2420 et
1535 2365 1650 2420 Atarcus
1664 2360 1745 2433 pius,

251 2458 287 2513 Et
299 2454 446 2512 habitabo
454 2470 525 2513 cum
536 2454 591 2514 eis.
602 2454 634 2517 l.
646 2454 754 2522 Gloria,
770 2459 798 2512 et
809 2453 916 2512 honor.
932 2453 965 2510 P.
986 2454 1082 2512 litha·
1172 2453 1276 2511 christi
1287 2451 1362 2509 dum
1382 2467 1476 2525 prona
1489 2465 1602 2508 nomen
1614 2453 1716 2507 mente
1729 2448 1872 2519 colerent,

253 2543 371 2603 bitabo.
1171 2543 1329 2601 Multantur
1344 2540 1410 2598 diro
1424 2539 1568 2599 carcerali
1587 2538 1732 2611 viuculo,·

288 2634 429 2708 Dymnus.
451 2634 630 2692 Sanctorum
648 2632 770 2692 meritis.
794 2630 992 2704 Supplicctio.
1013 2633 1081 2690 (ire-
1172 2633 1240 2690 llos
1253 2629 1394 2690 audiendi
1407 2631 1523 2704 optimo
1539 2629 1674 2686 Presidi.

252 2739 333 2784 mus.
347 2724 493 2796 feteam.
1207 2721 1252 2778 Ad
1264 2720 1329 2779 hseo
1341 2724 1490 2794 parentes,
1505 2719 1554 2775 rel
1574 2719 1719 2776 modesta
1756 2717 1913 2790 conjuges,

290 2814 440 2887 Capitale.
452 2812 542 2878 tolle,
555 2814 645 2884 Deus,
657 2811 793 2883 gladium
807 2810 846 2868 de
859 2825 955 2869 manu
968 2809 1082 2868 diaboli
1171 2809 1312 2882 Mugitum
1323 2809 1438 2875 dantes,
1451 2823 1487 2865 ac
1501 2811 1638 2884 petentes
1655 2819 1816 2872 carcerem,

252 2902 471 2976 persequentis;
484 2905 518 2958 ut
530 2916 592 2974 pax
605 2904 656 2957 tua
668 2899 805 2957 abundet
820 2899 852 2956 in
865 2898 980 2957 Sanctis
995 2914 1003 2956 ε
1019 2914 1082 2957 non
1171 2901 1245 2956 Gum
1254 2898 1468 2956 blandimentis
1477 2899 1645 2955 amicorum
1671 2895 1779 2966 noxiis,

254 2988 670 3060 cincturampliusvnlnerare
679 2991 817 3053 tentator,
833 2987 946 3060 quibus
959 2986 1081 3044 taliarc-
1170 2991 1261 3046 Natos
1276 2989 1492 3052 demonstrant,
1519 2985 1663 3059 ejulando
1677 2983 1834 3059 flagitant;

253 3075 356 3133 media
363 3074 456 3133 soluit
464 3074 623 3149 providere
635 3073 772 3133 Salvator
784 3092 791 3142 ;
808 3077 840 3132 ut
848 3073 879 3131 in
890 3074 984 3134 domo
996 3076 1081 3150 pacis
1096 3102 1116 3159 ρ
1170 3081 1235 3136 Non
1245 3082 1278 3135 ut
1286 3076 1369 3135 obire
1387 3079 1540 3151 appetant,
1552 3075 1605 3134 sed
1618 3075 1735 3147 degere.

252 3164 330 3222 inter
342 3163 419 3221 Alios
435 3164 521 3237 pacis
534 3163 741 3221 exclamemus
759 3178 776 3220 e
792 3164 876 3220 terris
892 3178 902 3222 r
1080 3202 1083 3207 -
1206 3164 1632 3240 interperentumlachrymas
1654 3165 1700 3223 vel
1713 3164 1889 3239 conjugum,

289 3253 376 3312 Pater
386 3257 495 3310 noster.
515 3252 641 3311 liberati
664 3269 683 3311 a
701 3252 793 3311 malo.
1171 3256 1279 3315 Christi
1291 3254 1561 3329 coeperuntmilites
1575 3254 1762 3319 mollescere,

289 3343 470 3402 Benedictio.
500 3344 678 3400 Sanctorum
713 3357 838 3400 suornm
874 3342 1082 3415 Quadraginta
1171 3348 1338 3419 llentesque
1349 3359 1447 3417 poenoe
1463 3344 1504 3403 ad
1520 3342 1639 3401 dolores
1655 3342 1797 3401 flectere:

252 3435 413 3507 Martyrum
427 3448 483 3490 vos
501 3432 646 3489 Dominus
657 3431 775 3489 muniat
796 3432 978 3511 patrocinio,
991 3437 1021 3491 et
1031 3448 1082 3491 ex·
1171 3434 1229 3491 Sed
1244 3436 1427 3491 tunceorum
1440 3447 1543 3491 ocrem
1556 3438 1621 3491 erat
1636 3432 1763 3491 coetibus

252 3523 315 3596 piet
328 3526 537 3595 apeccat031p.
549 3521 843 3579 Amenlllorumvos
858 3520 1081 3581 elflciatsuffra·
1169 3522 1364 3581 Sebastianus
1378 3520 1504 3595 belliger
1527 3522 1721 3580 tutissimus.

254 3610 373 3681 gatione
384 3610 494 3682 felices,
507 3626 638 3684 quorum
654 3624 736 3668 nunc
755 3610 825 3668 estis
841 3610 1081 3669 solemnitatibus
1206 3614 1271 3669 llox
1285 3611 1394 3685 quibus
1408 3626 1473 3669 sese
1486 3610 1633 3685 objiciens
1651 3612 1682 3668 in
1697 3611 1812 3681 medio,

254 3698 453 3773 obsequentes
464 3716 471 3756 ε
482 3711 515 3772 p.
531 3705 638 3759 Amen.
653 3702 719 3766 Quo
733 3716 805 3758 oum
819 3698 878 3757 illis
893 3700 1006 3778 pariter
1015 3716 1080 3759 me·
1170 3700 1312 3759 consulto
1326 3696 1449 3758 cunctos
1463 3701 1615 3758 instruens
1630 3699 1775 3773 alloquio,

253 3787 380 3845 reamini
393 3789 513 3860 coelum,
530 3805 662 3863 quorum
675 3789 707 3847 in
723 3793 802 3850 terra
823 3801 907 3850 nunc
921 3788 1080 3848 celebratis
1169 3788 1331 3863 Mundique
1345 3788 1423 3847 laisa
1440 3804 1506 3847 esse
1517 3790 1601 3847 lucra
1612 3787 1743 3861 indicat;

253 3876 452 3951 triumphum.
471 3890 504 3948 tp.
528 3882 633 3937 Amen.
1171 3876 1304 3936 Coelestis
1319 3879 1404 3950 regni
1418 3878 1590 3953 praedicans
1609 3877 1752 3951 insignia,

289 3967 353 4024 Per.
1169 3967 1264 4024 Vitam
1278 3967 1357 4024 finiri
1373 3972 1494 4041 propter
1512 3968 1662 4025 Christum
1677 3966 1816 4039 imperat.

289 4056 434 4114 Dominus
448 4056 495 4114 sit.
511 4068 544 4130 tp.
558 4060 687 4115 Etcum.
1203 4058 1256 4113 His
1271 4056 1345 4114 dum
1360 4058 1466 4115 Beatus
1487 4056 1587 4131 aptius
1601 4057 1786 4114 discerneret

291 4145 397 4202 laada
413 4145 562 4203 Gaudium
584 4146 813 4221 sempiternum.
826 4144 887 4215 fol.
901 4158 989 4203 caxrt.
1170 4144 1294 4214 Chorus,
1306 4160 1376 4203 cum
1389 4146 1491 4202 lumen
1508 4144 1631 4202 radians
1643 4144 1683 4203 ah
1696 4143 1814 4216 retbere,

504 4235 561 4289 Dllt
576 4236 635 4290 xlii
655 4234 830 4291 JANUAltll.
1171 4235 1380 4292 Sebastiuaum
1393 4234 1486 4291 elficit
1495 4249 1564 4291 mox
1577 4232 1725 4302 lucidum,

254 4336 282 4379 nt
301 4336 387 4379 rssrc
411 4336 577 4379 cancrosus
603 4336 775 4392 suasmet,
801 4338 836 4381 ar
860 4338 924 4381 rsus
941 4336 1080 4383 ocurrunt.
1169 4323 1205 4378 Et
1219 4322 1489 4395 palliatnsjuveuis
1516 4320 1708 4389 sublumine,

434 4460 438 4467 .
549 4410 597 4467 Ad
626 4412 795 4483 vesperum.
1093 4439 1119 4495 n
1175 4410 1341 4477 Quolertur
1355 4411 1529 4468 eumimbui
1542 4410 1727 4483 plenissime.

290 4494 405 4553 mado.
421 4497 563 4555 lixorbrm
576 4500 623 4556 est
642 4499 674 4556 in
702 4498 837 4557 tenebris
868 4498 973 4559 lumen
989 4500 1080 4560 rectis
1204 4497 1292 4555 AEdcs
1306 4501 1376 4557 suut
1388 4498 1466 4557 intra
1481 4503 1548 4556 acta
1561 4497 1625 4555 baec
1641 4496 1810 4564 Nicostrati,

254 4583 345 4642 corde
358 4585 402 4642 :P.
416 4584 592 4655 Misericors,
607 4588 812 4658 atmiserator,
832 4589 966 4662 etiustus
981 4588 1080 4649 Domi·
1170 4586 1319 4659 cuiusque
1331 4586 1413 4659 Pii01'
1430 4586 1724 4653 ²0011101'01'0didib

253 4688 323 4731 nus.
334 4672 365 4735 i.
377 4673 526 4732 [theclam
540 4675 610 4734 lecit
619 4676 701 4735 riam
725 4676 878 4750 justornm
893 4694 902 4735 z
918 4681 948 4736 et
961 4692 1081 4752 propa·
1170 4674 1403 4747 Annosclingnis
1412 4692 1481 4750 quoe
1490 4676 1537 4733 bis
1551 4679 1651 4733 ternos
1665 4676 1801 4743 duxerat,

254 4761 332 4820 ravit
343 4763 398 4821 iter
405 4763 593 4822 Sanctorum.
608 4766 639 4822 P.
653 4766 825 4838 Misericors,
845 4771 902 4825 etc.
1169 4762 1279 4821 Effecta
1292 4763 1380 4836 iussu
1394 4764 1539 4839 eloquens
1554 4769 1626 4822 tunc
1644 4765 1780 4838 ltartyris

289 4851 436 4910 Dominus
449 4854 674 4928 sitsomper.1p.
691 4856 811 4914 Etcum.
1169 4852 1295 4926 Ejusque
1308 4852 1387 4912 dicta
1398 4854 1452 4911 rite
1467 4868 1591 4928 prorsus
1614 4852 1744 4927 insequi.

292 4940 391 5016 [mco]
401 4941 492 5001 Sono.
501 4945 656 5003 Iustorum
666 4945 818 5004 animuin
832 4960 928 5003 manu
936 4942 989 5003 Dei
997 4947 1080 5017 sunt,
1204 4943 1280 4999 llam
1292 4956 1324 4997 se
1337 4940 1462 4999 notabat
1474 4941 1616 5013 Angelum
1625 4940 1797 5013 prospicere

255 5032 284 5085 et
298 5044 361 5087 non
372 5036 474 5102 tanget
485 5031 552 5091 illos
561 5038 745 5093 tormentum
763 5036 880 5093 mortis.
899 5033 1036 5093 Alleluia.
1046 5032 1079 5101 tt,
1171 5032 1295 5089 Sacrum
1308 5033 1410 5088 tenere
1420 5033 1490 5087 ante
1515 5030 1625 5102 ipsium
1639 5028 1786 5097 codicem,

255 5116 430 5177 visisuntin
441 5121 536 5179 oculis
551 5122 757 5197 insipientium
777 5124 856 5181 mori
872 5127 922 5183 :et
936 5123 1081 5190 extimata
1169 5118 1223 5177 Per
1233 5134 1325 5193 quem
1342 5116 1458 5189 digesta
1475 5118 1636 5176 hauriebat
1653 5117 1797 5188 singula:

256 5209 300 5263 est
309 5207 424 5267 malitia
437 5209 535 5268 exitus
545 5210 666 5271 illorum
676 5230 684 5271 ε
696 5212 738 5271 illi
749 5216 851 5271 autem
860 5217 932 5271 sunt
950 5212 982 5274 in
992 5226 1079 5290 pace.
1167 5208 1328 5266 confestim
1342 5222 1448 5265 omnes
1462 5206 1570 5265 adhoc
1585 5206 1680 5265 credit
1694 5205 1863 5280 clamitant,

256 5294 394 5355 Alleluia.
1168 5296 1418 5371 Ablutionemque
1433 5312 1528 5371 ocyus
1554 5296 1758 5371 expostulant.

291 5385 433 5443 Dominus
442 5386 481 5445 sit
491 5403 620 5462 semper.
641 5400 678 5460 tp.
696 5390 730 5445 lit
749 5402 830 5447 cnm.
1205 5386 1264 5444 sed
1273 5401 1391 5460 semper
1400 5390 1517 5454 cautus,
1531 5390 1622 5460 atque
1636 5385 1746 5459 dignus
1766 5392 1926 5459 presagus

289 5475 550 5544 antiphonarum
562 5477 762 5550 epulentur,et
770 5478 903 5537 exultent
910 5476 942 5537 in
954 5492 1081 5551 conspe·
1170 5472 1372 5542 Sebastianus,
1388 5475 1511 5548 imperat
1528 5474 1742 5546 Nicostratum,

255 5562 305 5615 otu
317 5562 438 5620 Domini
452 5584 459 5622 :
471 5566 504 5626 P.
519 5569 552 5624 ltt
571 5565 751 5625 delectentur
772 5571 803 5625 in
819 5568 931 5625 latitia.
946 5567 978 5631 i.
993 5564 1080 5623 Salus
1174 5565 1210 5621 Ut
1219 5564 1324 5621 sinclis
1347 5565 1419 5623 tenti
1439 5564 1538 5622 uaditi
1551 5562 1724 5621 carceribus
