4117 6175
255 169 324 257 tqcr
804 205 810 225 .
882 152 1111 244 nantuato}
1127 149 1332 237 corniculo,
1884 145 1941 218 pp
2020 177 2021 180 t

252 239 383 355 lacobus
395 295 496 377 iebus*
511 294 711 373 promptum
726 289 849 371 zelptes,
1092 279 1223 357 dquam
1238 280 1357 354 nortns,
1377 279 1410 340 tu
1429 279 1508 343 Deus
1526 273 1624 346 Buten
1643 271 1750 358 lubeat
1772 283 1892 358 parcnt
1904 269 1943 331 de·

256 375 488 444 Bartholomreus'
500 389 604 441 tenens
623 370 804 455 Lycaoniam
1130 367 1215 425 lictis.
2020 387 2021 404 ι

253 474 376 533 ltathias
388 472 527 553 Pontum.
540 478 567 551 et
581 470 731 550 thilippus
747 465 871 539 (tallias.
1167 459 1252 519 ratu
1266 461 1375 528 noster.
1393 454 1519 527 Libcreti
1541 469 1559 512 a
1574 449 1668 534 malo.
1685 449 1744 522 fol.
1757 451 1785 506 2.

289 562 387 632 ascai
402 559 510 616 deinde
528 558 581 619 tilii
592 557 724 632 tonitrui,
1166 545 1348 607 Benedictio.
1358 543 1586 614 ChristusDeue,
1597 541 1647 609 Dei
1659 537 1753 614 Patris
1763 533 1948 610 rictusque

253 651 359 724 Adepti
374 649 486 720 tulgenl
500 664 588 722 prece
602 647 699 708 astris
713 643 831 721 inclyta
1132 631 1381 710 iacobuqrelicto
1390 637 1474 708 patre
1484 631 1606 702 inpari.
1617 633 1679 688 tots
1686 624 1949 687 secutusestinteu·

255 741 376 813 Utrique
384 739 453 796 vitre
467 737 607 795 culminis
617 733 748 809 insignis
763 751 771 799 ;
1132 721 1213 810 tinne
1227 723 1335 806 condic.
1349 721 1551 794 indesinenter
1563 735 1616 777 ros
1630 715 1720 788 teniat
1737 715 1801 781 suis
1818 712 1949 776 totana

254 832 369 900 lingens
383 825 516 883 loannes
531 825 666 882 dextram
682 819 889 889 soloecistam,
1132 809 1264 884 rostatis
1280 827 1287 876 t
1303 821 1335 889 lt·
1348 811 1454 881 tuen.
1470 809 1586 884 Quique
1600 807 1659 886 ¹199
1672 801 1817 881 39082010
1833 801 1951 862 0¹11th

255 917 389 993 EJusque,
403 914 493 985 irater
505 913 615 989 potitus
626 911 813 984 Hispaniam.
1132 899 1308 957 damonum
1317 897 1461 957 convertit
1472 897 1511 984 ad
1523 891 1774 984 tidpmpopcedat
1786 887 1875 972 pppis
1885 904 1952 948 rana

292 1002 367 1060 Glari
381 1003 529 1071 Magistro,
544 999 661 1057 clateris
676 997 799 1056 innoxia
1133 987 1233 1060 saepti
1245 988 1422 1066 respuendo,
1438 1003 1470 1053 sc
1483 987 1513 1062 ip
1523 987 1645 1063 petitote
1656 981 1780 1054 diocese
1791 997 1800 1049 ς
1811 991 1843 1052 to.
1855 981 1951 1044 tmen.

256 1089 369 1155 Adsciti
383 1089 530 1154 dextram,
546 1087 630 1159 pacis
648 1102 728 1159 qnos
741 1084 855 1148 tondere
1133 1078 1169 1134 Ut
1182 1080 1246 1152 elus
1258 1076 1489 1151 remuneremini
1498 1071 1656 1152 presidiis.
1669 1067 1951 1151 nujusltodiotrinm·

256 1181 397 1242 Tractus:
413 1165 564 1237 sinistram
578 1175 651 1232 alter
664 1176 695 1235 in
709 1171 897 1240 sententiam,
1133 1165 1226 1243 pltum
1238 1164 1369 1230 excolitis
1383 1161 1542 1246 pnttinsslt·
1557 1171 1590 1237 n·
1608 1162 1710 1244 Amen·

257 1265 377 1339 Utrique
388 1279 490 1336 regna,
505 1262 548 1320 bis
563 1261 655 1321 electa
664 1261 802 1335 pignora.
1169 1254 1224 1312 Per
1237 1251 1477 1332 misericordiam.

257 1351 429 1426 ttitridepoli
442 1356 604 1423 properant
619 1349 658 1406 ad
672 1350 809 1420 gloriam.
1170 1339 1282 1412 Laudo.
1300 1339 1449 1422 undium
1465 1339 1689 1419 sempiternum.
1704 1333 1761 1406 fol.
1777 1335 1861 1399 curt.

294 1441 451 1509 advectus,
465 1439 600 1512 inquam,
616 1436 763 1509 gloriosus
779 1432 913 1515 praemio,
1172 1429 1281 1488 Oratio.
1296 1427 1440 1512 chrisme,
1451 1423 1646 1506 ottjtrtvlttur.
1657 1429 1748 1498 atque
1758 1418 1956 1499 potendatur·

258 1526 373 1597 Electus
386 1526 492 1584 isthino
507 1525 608 1599 abitur
623 1527 779 1598 martyrio,
1135 1520 1249 1576 tamin
1273 1516 1415 1591 Apostolo
1441 1522 1491 1598 tpu
1513 1513 1628 1597 ‹iccobo
1650 1510 1781 1594 emicuit,
1806 1513 1838 1565 ut
1859 1507 1889 1564 in
1907 1522 1953 1563 no·

259 1600 365 1693 copisti
376 1621 500 1686 uocatur
513 1611 645 1682 zebedaei
659 1611 798 1680 lacobus.
1101 1609 1217 1704 ilmina
1230 1613 1281 1682 tuo
1297 1605 1414 1677 emissis
1425 1621 1443 1681 c
1454 1621 1485 1678 se
1495 1602 1714 1684 doemoniorum
1727 1597 1855 1672 catervis
1865 1601 1954 1670 ponn-

259 1701 449 1776 ttpostolatus
460 1700 527 1773 jure
541 1700 671 1773 implens
686 1699 799 1773 debita,
1138 1696 1242 1764 ticliter
1270 1693 1377 1776 meruit
1396 1694 1560 1778 imperarcc
1579 1695 1610 1750 tu
1630 1687 1793 1752 aeclesiam
1818 1691 1898 1756 tuam
1921 1683 1953 1741 ab

259 1789 416 1862 Victorque
429 1790 508 1862 rapit
521 1785 672 1864 passionis
686 1787 836 1857 stigmata.
1137 1774 1360 1860 adversantium
1371 1773 1788 1862 impugnationedolendesut
1798 1769 1953 1844 virtutespi·

296 1878 399 1934 Divino
413 1876 528 1959 quippe
544 1877 660 1941 obsitus
675 1873 819 1946 suffragio
1137 1873 1211 1945 ritus
1223 1871 1433 1946 exsuperando
1444 1869 1581 1942 adversa,
1603 1865 1680 1934 iltius
1694 1852 1861 1936 doctrinam
1876 1875 1952 1934 opere

259 1966 340 2044 idem
355 1969 508 2039 tdagorum
524 1971 624 2028 sontes
639 1965 709 2036 iras,
724 1965 899 2031 daemonum
1138 1957 1298 2044 compleat„
1313 1957 1496 2032 cujuslrodie
1507 1953 1677 2030 exemplum
1687 1952 1745 2031 pie
1753 1947 1952 2029 pusionem

259 2051 404 2112 Coeruens
416 2055 505 2128 virus,
523 2054 610 2133 punit
625 2050 800 2135 temulentia
816 2069 823 2115 ι
1138 2052 1236 2107 norat.
1252 2059 1286 2125 tp.
1298 2051 1403 2134 tmen.

259 2143 412 2220 vivasque
426 2142 550 2214 demum
566 2140 596 2199 in
609 2140 703 2211 stolis,
718 2139 849 2219 oraculis
1176 2139 1237 2224 far.
1256 2127 1259 2134 '

259 2233 293 2290 ln
308 2231 394 2308 signo
409 2230 494 2288 delur
509 2226 897 2304 poenitenscorcrednlum.
1151 2219 1154 2226 '
1199 2213 1209 2227 ⁸
1422 2219 1473 2278 te
1491 2219 1685 2278 Motatorem.

178 2378 182 2384 .
296 2319 456 2396 Perprsxus
471 2317 542 2386 olim
557 2315 618 2379 voti
630 2332 754 2394 compos
770 2313 952 2391 commodnt-
1174 2319 1406 2390 reciprocans
1414 2317 1504 2374 nonis
1513 2315 1656 2374 territam.
1668 2312 1845 2387 rocosum.
1858 2309 1951 2371 orus.

260 2404 787 2480 mmmmm
1140 2405 1681 2480 mmmmm

262 2495 381 2570 ⁰D¹⁸t¹ll
395 2495 503 2578 pandit
515 2495 585 2566 ndei
599 2495 790 2563 charismata,
1176 2495 1352 2571 nesterone
1368 2500 1393 2557 t.
1405 2493 1487 2560 Dedit
1497 2493 1539 2553 eis
1553 2492 1699 2554 Dominus
1711 2487 1875 2562 potentiane
1887 2484 1954 2558 regni

261 2583 372 2641 vexilla
387 2584 470 2658 pacis
484 2584 523 2640 ad
534 2583 638 2640 salutm
652 2583 783 2656 copiam.
1142 2584 1288 2644 adversus
1307 2598 1368 2654 eos,
1382 2583 1435 2656 qui
1449 2579 1708 2662 persequebantur
1722 2572 1801 2648 illos.
1818 2575 1850 2634 Ρ.
1870 2573 1901 2631 Ει
1912 2571 1952 2630 tuit

262 2675 399 2746 ltneeque
411 2673 530 2731 innotus
544 2688 575 2729 se
588 2672 756 2730 communit
768 2670 875 2742 gloria.
1141 2673 1199 2744 silis
1212 2673 1244 2732 in
1266 2669 1434 2751 uelamento
1454 2669 1523 2740 dici.
1543 2676 1572 2740 et
1595 2666 1627 2739 in
1648 2666 1716 2735 lucc
1735 2665 1886 2738 sopitarum
1907 2667 1954 2729 tota

299 2763 405 2820 Orare
423 2761 514 2832 digne
533 2763 666 2819 sanctior
677 2759 816 2833 llpostote
1142 2765 1240 2826 noum.
1259 2759 1292 2830 t.
1307 2753 1381 2827 Disit
1395 2759 1518 2837 osricum
1541 2773 1642 2834 cuum,
1663 2762 1691 2818 ot
1714 2751 1836 2824 sanarit
1851 2767 1898 2810 eos
1912 2766 1918 2810 ι
1934 2751 1955 2811 el

263 2852 359 2922 caput
372 2849 523 2920 ιοιιιιιιιιιι
534 2865 660 2912 aureum
670 2848 840 2922 Dispsntret
1143 2835 1252 2924 [eripuit
1264 2837 1314 2924 eos
1330 2848 1367 2921 de
1384 2847 1502 2913 interitu
1518 2861 1632 2921 eorum.
1650 2843 1682 2902 P.
1694 2842 1803 2913 ortuo.
1815 2841 1850 2907 t.
1864 2839 1953 2904 utone.

263 2939 412 3010 latorque
426 2938 525 3006 nobis,
538 2942 566 2997 et
578 2942 723 3009 patronus
742 2934 894 3004 vernulus,
1109 2957 1129 3020 ρ
1144 2943 1172 3004 st
1186 2939 1292 3005 honor.
1308 2937 1340 3002 P.
1355 2934 1388 3006 tlt
1401 2932 1465 2998 tuit.

263 3023 394 3080 Vitando
407 3030 532 3097 pestem,
549 3028 612 3082 esto
626 3022 709 3094 sclua
720 3023 858 3088 coelitus:
1124 3026 1129 3044 ¹
1180 3025 1293 3095 oracio.
1308 3025 1449 3106 christus,
1481 3023 1567 3102 cujus
1587 3021 1690 3090 virtus.
1713 3021 1818 3098 Quaerp
1836 3015 1954 3093 runcis

265 3110 394 3168 Omnino
411 3110 488 3191 pelle
498 3112 651 3182 morbum,
665 3112 760 3178 ulcus,
776 3111 903 3174 lacinus.
1149 3102 1281 3187 Vespe‘sds
1292 3102 1539 3185 procedentibus,

300 3198 409 3256 Adesto
424 3198 529 3256 larena
539 3197 631 3273 gregi,
647 3198 716 3274 pius
729 3200 866 3269 creditor,
1178 3204 1353 3275 Antiphone
1364 3204 1403 3258 2..
1418 3202 1521 3283 Venite
1534 3198 1573 3286 ad
1590 3216 1647 3275 me,
1663 3214 1769 3258 omnes
1796 3196 1885 3255 sancti
1898 3192 1955 3261 mei,

263 3286 395 3370 ,mittut
406 3288 613 3374 Pfl⁸l018f⁰tllq
628 3289 717 3357 ⁰¹⁰¹'02
732 3289 867 3363 P0D¹¹l⁰t
1144 3292 1391 3355 claromontense
1406 3290 1584 3357 vindemiate
1607 3286 1734 3359 tructun
1758 3286 1894 3354 lebona
1904 3299 1956 3339 res

264 3377 326 3449 Ope
341 3391 469 3449 superna
484 3384 516 3433 ut
530 3376 665 3435 truamur
677 3375 789 3451 gaudio
806 3397 813 3431 ι
1143 3388 1267 3447 norum,
1277 3395 1399 3451 germen
1410 3379 1543 3451 justitie.
1554 3378 1586 3444 Ρ.
1598 3374 1688 3449 Cujus
1697 3374 1773 3441 odor
1782 3379 1954 3448 estmscnu,

263 3466 363 3539 Regno
379 3466 463 3544 potiti
477 3466 641 3549 vestiamur
655 3464 748 3540 gloria
1144 3470 1219 3527 siout
1232 3468 1310 3526 odor
1322 3467 1452 3525 liliorum
1467 3473 1496 3525 et
1509 3462 1633 3541 [constr]
1643 3480 1779 3527 rosarum
1799 3464 1829 3527 in
1842 3468 1955 3533 tempure

263 3549 384 3610 AEterna
399 3559 514 3634 :perte
530 3552 696 3613 evadamus
716 3559 870 3612 tartarum.
1143 3574 1209 3615 suo.
1224 3556 1255 3619 t.
1273 3558 1383 3621 venito,
1404 3554 1466 3621 filii,
1493 3556 1592 3629 audite
1609 3570 1656 3618 me
1679 3569 1686 3617 ;
1700 3552 1839 3621 timorem
1857 3544 1955 3605 Domini

298 3639 419 3720 Ριῑθδῑᾷ,
433 3658 617 3716 quoesntnue.
634 3644 725 3713 Unica
740 3640 881 3717 potentia,
1144 3644 1259 3703 nocebo
1272 3661 1334 3710 ros.
1352 3645 1381 3726 ι’.
1397 3644 1488 3725 Cujus
1500 3642 1585 3701 odor.
1600 3642 1633 3705 lt.
1649 3640 1755 3709 (litorio¹
1771 3646 1804 3709 ct
1820 3640 1918 3708 honor.
1929 3634 1952 3689 P·

262 3728 449 3803 tropicasque
461 3730 556 3801 gloria
570 3737 710 3794 cunctam
725 3729 807 3788 solus
822 3730 1000 3804 machinam,
1145 3733 1235 3806 Cujus
1248 3729 1336 3790 odor.

263 3817 359 3874 Vlflffl
373 3820 512 3891 90l0⁰⁰l⁸
526 3819 642 3889 ingens,
660 3819 763 3876 adesto
783 3819 877 3892 gloria
1180 3821 1290 3879 Oratio.
1307 3822 1413 3879 Sancte
1427 3825 1457 3880 et
1470 3818 1638 3879 misericors
1652 3818 1741 3885 Deus,
1753 3816 1808 3890 qui
1822 3812 1950 3889 glorifice·

262 3907 379 3963 le'terna
392 3922 399 3974 ;
416 3907 503 3980 cujus
517 3907 584 3965 lans
594 3916 637 3964 est
652 3914 680 3965 et
692 3906 868 3975 elementia;
1142 3910 1184 3967 ris
1197 3908 1229 3966 in
1243 3908 1370 3966 concilio
1383 3910 1558 3965 Sanctorum
1571 3923 1579 3977 3
1591 3920 1780 3979 magnusque
1792 3896 1953 3961 metuendus

262 3993 298 4052 Et
310 3996 408 4052 honor
423 3997 504 4069 iugis
517 3996 630 4073 affatim
649 4013 702 4074 per
715 3996 840 4067 ⁴smoule.
1143 4012 1233 4070 super
1245 4012 1350 4073 omnes
1367 4002 1470 4071 gentes
1491 3992 1689 4076 potentialiter
1707 3992 1857 4065 existens;
1875 4000 1951 4063 quem

296 4103 403 4159 Amen,
1142 4085 1275 4143 lacobus
1287 4083 1538 4151 reliotozebedaeo
1548 4088 1632 4156 patre
1642 4081 1683 4142 ita
1692 4086 1814 4138 secutus
1825 4074 1952 4151 astutule

1142 4166 1952 4244 nixediligendotieretelectusinritamundusinoone

1143 4262 1261 4328 olentia,
1270 4260 1433 4337 probabilis
1442 4260 1473 4317 in
1484 4258 1622 4317 doctrina
1629 4277 1639 4331 ;
1652 4263 1808 4339 postremo
1824 4256 1865 4312 ita
1875 4252 1952 4309 scion·

1143 4342 1951 4423 tiam,commendanseroperemtprotetrunoatointe·

299 4435 453 4504 capituto.
471 4434 858 4518 SubJ'nga,Clementissime
872 4434 960 4510 Deus,
972 4439 1090 4497 nostrae
1142 4438 1224 4496 rierit
1234 4439 1343 4511 eapite,
1352 4453 1444 4510 quem
1459 4452 1514 4514 pro
1526 4452 1558 4492 so
1568 4433 1614 4492 rel
1627 4429 1769 4492 omnibus
1781 4430 1893 4513 noverit
1903 4427 1952 4483 ani-

263 4527 315 4580 tuo
326 4524 401 4595 jugo
415 4525 563 4592 cervices;
579 4533 611 4584 ut
623 4542 699 4584 onus
714 4532 810 4594 tuum,
826 4524 908 4602 quod
921 4524 1090 4583 amantibus
1144 4541 1226 4584 mam
1246 4526 1383 4599 posuisse
1398 4542 1407 4581 ι
1424 4531 1464 4591 ιιι,
1480 4525 1613 4591 Domine,
1630 4521 1767 4598 precibus
1783 4518 1888 4579 nostris
1901 4516 1951 4589 ejus

262 4611 325 4668 lere
339 4619 393 4677 est,
408 4613 449 4669 ita
464 4612 589 4686 optabili
600 4614 906 4681 devotioneteramus‚
919 4612 1091 4675 sicuttaco·
1143 4615 1266 4673 obtentu
1275 4612 1343 4671 tave
1353 4613 1496 4686 placatus,
1510 4595 1667 4669 alveniam
1678 4616 1850 4676 nostrornm
1858 4617 1951 4663 meree·

263 4699 321 4756 bus
335 4701 490 4773 apostolus
505 4706 575 4783 tuus
595 4718 649 4779 pro
661 4702 772 4766 innexo
791 4702 867 4760 eollo
884 4718 939 4764 suo
966 4700 1036 4784 tune
1051 4700 1090 4765 ad
1144 4718 1213 4760 mur
1226 4702 1308 4774 apud
1323 4708 1350 4757 to
1364 4702 1498 4758 obtinere
1509 4700 1694 4776 delictorum.
1711 4708 1743 4773 tp.
1757 4698 1862 4762 tmen.

262 4789 433 4860 passionem
446 4795 558 4847 tractus
571 4796 614 4868 est
622 4791 810 4868 letabundus
823 4809 830 4843 ι
842 4795 932 4865 atque
946 4788 1090 4863 hoomira7
1180 4794 1232 4847 Per
1245 4788 1493 4847 misericordiam.

261 4876 330 4933 culo
344 4894 396 4935 cor
409 4878 571 4937 inludentis
586 4878 643 4939 sibi
657 4880 698 4936 ila
717 4872 903 4951 compunxit,
919 4881 952 4933 nt
963 4893 1032 4932 eum
1046 4893 1091 4940 sa·
1179 4879 1353 4949 Antiphone
1366 4882 1391 4937 t.
1412 4879 1588 4952 Sanctorum
1614 4891 1684 4935 ossa
1707 4864 1949 4947 germinabuntde

262 4966 423 5022 oramentis
436 4968 608 5044 instructum
620 4967 702 5033 tidei,
716 4965 872 5025 taceretad
888 4964 1014 5037 gloriam
1027 4980 1091 5041 per·
1143 4966 1210 5025 loco
1225 4982 1290 5036 suo,
1309 4968 1342 5025 P.
1363 4968 1395 5023 Et
1413 4967 1536 5022 nomina
1555 4980 1660 5023 eorum
1682 4964 1758 5021 sicut
1781 4959 1841 5031 lilia
1855 4952 1950 5015 munde

261 5053 363 5109 venire
385 5058 540 5127 martyrii:
557 5056 660 5131 sicque
683 5056 747 5128 ipse
766 5060 833 5134 post
853 5054 883 5109 ln
905 5053 1091 5118 contorsione
1144 5056 1318 5113 floruerunt.
1333 5055 1367 5116 t.
1387 5052 1662 5133 DDominesalros
1674 5050 1798 5109 nostae.
1815 5044 1949 5108 onomtne

261 5140 323 5197 Filii
336 5143 377 5197 tui
391 5142 490 5215 capite
503 5143 623 5201 desecto
636 5145 830 5216 interemptus
838 5141 974 5200 occubuit
989 5156 1090 5219 perve-
1144 5144 1225 5200 bona
1242 5158 1427 5224 prosperare.
1448 5144 1478 5200 P.
1495 5144 1528 5202 Et
1541 5141 1677 5201 nomina.
1691 5140 1723 5205 tr.
1740 5138 1846 5205 Gloria,
1863 5142 1890 5193 et
1906 5132 1949 5194 ho·

261 5229 347 5285 niens
363 5228 484 5287 adeum
499 5232 528 5289 in
540 5248 614 5305 pace
627 5254 633 5300 ;
648 5250 699 5307 pro
709 5248 770 5306 qno
783 5232 862 5289 hano
876 5229 1090 5305 sustinuitpas·
1145 5246 1201 5289 nor
1215 5232 1303 5288 Patri.
1316 5232 1355 5287 Ῥ.
1371 5232 1404 5287 Ει
1419 5228 1553 5288 nomine.

262 5318 377 5375 sionem
395 5338 402 5375 ι
420 5324 484 5395 tpse
495 5328 540 5377 est
554 5323 634 5381 enim
652 5320 824 5391 Unigenitns
839 5323 910 5377 tuns
923 5318 1021 5376 Filius.
1036 5318 1090 5395 qui
1182 5320 1294 5378 Oratio.
1312 5319 1440 5376 Pretiosa
1456 5325 1501 5376 est
1520 5326 1580 5385 tuo,
1608 5318 1741 5385 Domine,
1761 5316 1790 5379 iu
1808 5312 1949 5383 conspectu

261 5404 344 5463 dedit
352 5406 488 5491 animam
496 5424 583 5469 suam
594 5409 828 5483 redemptionem
840 5422 895 5484 pro
905 5406 1022 5477 multle;
1037 5422 1090 5483 per
1145 5409 1539 5493 morsSanctorurntuorum
1549 5407 1616 5483 :qui
1626 5392 1948 5491 sunroomstaeotum

297 4224 497 4294 supplicatio.
513 4226 634 4283 oremus
651 4226 890 4300 Redemptorem,
902 4230 1018 4283 mutato
1038 4240 1089 4283 co·

261 4310 352 4376 mine,
362 4312 416 4381 sot.
430 4328 570 4372 csuxrn.
1105 4297 1128 4383 ll
