4117 6175
446 24 597 37 ff-.-
637 22 640 24 ,
731 18 765 20 ,,

238 241 292 300 887

241 445 1068 527 sumseruntymnumtaudiumcunctorumvithuodalto

242 542 416 616 olimpiadis
432 543 547 600 ambitu
561 544 705 617 quodque
720 543 827 601 terreni
840 541 980 598 circuitus
1004 535 1069 606 giro

243 622 333 688 Beato
352 636 454 687 tamen
473 632 550 688 cetui
563 647 656 704 quam
681 638 788 688 cuncto
809 629 956 687 elemento
971 626 1070 682 creato

244 719 318 777 'loth
333 735 419 776 sacra
431 720 493 777 toth
505 736 575 777 rura
584 719 776 792 ymnizabere
789 724 851 776 arte
861 729 998 774 camena.

245 807 291 866 ed
300 822 382 864 nunc
395 809 478 880 quod
490 807 619 865 celebrat
637 824 688 880 per
699 813 743 866 tot
752 809 801 882 pie
815 805 888 864 orbe
900 803 1002 861 difusa

876 227 1106 296 Bauvtautuht
1125 227 1312 289 GOTHIGUM

238 365 392 438 veterique
401 362 488 434 Patri,
502 365 649 424 Filiolam
663 369 733 422 tunc
747 371 777 422 et
789 363 861 438 ipsis
871 363 1013 420 adiuncto
1081 355 1105 412 A
1192 354 1227 409 Ui
1236 351 1295 409 leta
1305 367 1362 410 nos
1376 351 1432 408 hec
1451 348 1528 405 visio

247 893 348 954 Nitens
359 896 490 952 Ecclesia
500 895 603 953 divino
616 902 804 953 sacramento
815 895 916 952 locate

250 984 433 1058 Tandenque
446 983 641 1041 etRedcmtor
657 999 778 1042 sacrum
797 999 869 1041 cene
886 986 1005 1055 tempus
1021 977 1075 1036 ad·

281 1061 287 1072 ’
935 1069 1079 1144 [implens

252 1157 1079 1234 liternositt’atriymnumconcentumapostolicosolvens

253 1249 380 1322 vestigia
394 1248 483 1305 beata
497 1249 642 1305 orationis
658 1265 752 1307 cansa
763 1254 939 1306 convertens

253 1337 329 1394 Exiit
343 1338 374 1394 in
385 1341 518 1394 montem
535 1354 688 1410 quoevum
703 1353 826 1395 exorare
837 1339 992 1394 Parentem

1193 441 1305 498 Evellat
1317 440 1400 498 omni
1413 443 1523 496 tartaro

1230 530 1381 597 Quodam
1396 527 1556 585 Rademtor
1571 521 1687 579 veneris

1196 621 1269 676 Cum
1291 617 1452 675 candidato
1470 617 1638 685 martyrum

1198 706 1292 764 Globo
1308 723 1315 762 :
1332 705 1447 762 adunes
1462 701 1549 760 celibi

1198 797 1256 852 Nos
1271 799 1338 852 tunc
1350 793 1438 850 beato
1452 791 1528 848 cetui

1235 883 1295 940 Deo
1310 880 1386 938 Patri
1403 879 1441 936 sit
1455 877 1549 951 gloria

1201 969 1333 1043 Eiusque
1348 968 1403 1026 soli
1416 967 1487 1025 Filio

1204 1045 1278 1118 Cum
1293 1059 1404 1132 Spiritu
1415 1055 1559 1113 Paraclito

1204 1151 1238 1205 Et
1248 1162 1329 1205 nuno
1339 1150 1368 1203 et
1380 1146 1411 1204 in
1422 1149 1612 1220 perpetuum.

1241 1242 1345 1293 Amen.

1242 1340 1275 1402 Υ.
1291 1339 1470 1396 Exultahant
1480 1337 1574 1395 sancti
1589 1336 1620 1393 in
1631 1333 1727 1407 gloria

255 1429 361 1483 Itcctor
377 1441 493 1497 quoque
506 1425 576 1482 fidei
594 1429 623 1482 et
636 1427 748 1483 cunctis
763 1441 815 1499 per
830 1425 928 1482 secula
948 1423 1083 1494 Magister
1145 1448 1251 1504 ΜΝ
1266 1447 1384 1504 inm-em
1398 1444 1496 1504 ,amp
1508 1443 1644 1500 pomam,
1657 1439 1738 1498 yyy,
1750 1434 1884 1495 Kamisa
1892 1435 1933 1491 Dc

256 1512 406 1571 Admonet
418 1517 447 1568 st
460 1512 566 1569 Paulus
588 1519 620 1570 ut
639 1513 764 1586 psalmis
779 1513 942 1587 loquamur
956 1516 984 1568 et
997 1507 1083 1584 ymni

259 1603 335 1658 Nam
349 1615 386 1656 ex
396 1601 453 1657 hoc
462 1601 589 1658 surrexit
604 1607 721 1658 sacrata
728 1602 840 1673 dogma
849 1616 1013 1675 ymnorum

257 1688 346 1746 llario
364 1691 443 1761 Papa
452 1688 609 1746 Ambrosio
626 1691 790 1764 ceterisque
806 1705 889 1747 more
905 1690 1031 1746 istorum
1099 1699 1123 1756 Β

261 1777 305 1834 ad
317 1776 439 1834 laudem
458 1776 592 1834 divinam
607 1795 769 1852 ymnorum
786 1779 828 1835 sic
839 1777 968 1836 condere
978 1775 1086 1834 modos

262 1865 459 1924 Nunclaudes
467 1866 670 1924 Domininunc
679 1872 845 1942 martyrum
856 1882 978 1924 narrare
985 1866 1090 1924 trium-

265 2217 316 2276 Dei
334 2235 455 2276 summa
464 2219 558 2291 gloria
568 2221 635 2277 laus
650 2228 679 2277 ct
688 2221 779 2278 letitia
789 2226 905 2278 constet

266 2311 298 2364 ln
313 2305 361 2362 his
370 2313 399 2363 et
409 2308 534 2364 Trinitas
547 2308 688 2366 laudatur
700 2312 728 2365 et
738 2307 868 2365 Ecclesia
877 2307 987 2378 fraglat

1035 1953 1056 2011 h
1076 1969 1090 2010 s

265 2045 452 2117 omnemque
470 2043 595 2102 celibem
611 2045 738 2103 dirivare
754 2045 879 2102 vocibus
892 2059 983 2102 sonos
1000 1953 1033 2030 [p
1057 1970 1074 2012 ⁰

264 2131 300 2188 Et
317 2131 418 2187 dulces
433 2133 557 2188 reddere
576 2133 681 2190 factori
695 2134 832 2190 omnium
845 2133 952 2191 melos.

1483 1529 1619 1590 cambris.

1173 1645 1306 1699 Romane
1319 1641 1424 1698 Christi
1433 1638 1652 1696 fortisaasertor
1662 1634 1723 1692 Dei.
1740 1634 1775 1691 Ut
1784 1632 1815 1690 in
1828 1633 1883 1701 nur
1894 1627 1934 1686 Fe

1137 1733 1278 1799 afinitate,
1292 1731 1340 1788 dic
1353 1734 1395 1787 ta.
1410 1727 1595 1787 Novembris.

1174 1819 1210 1880 Υ.
1229 1823 1375 1876 lustorum
1389 1817 1487 1874 anime
1503 1817 1535 1873 in
1549 1829 1651 1872 manu.

1300 1924 1409 1981 Ymnns
1423 1925 1455 1980 in
1467 1922 1544 1979 diem
1558 1919 1657 1978 sancti
1670 1915 1811 1988 Crispini.

1179 2031 1327 2104 insignem
1343 2029 1444 2087 Christi
1455 2027 1622 2100 Crispinum
1631 2022 1791 2082 laudemus
1801 2017 1937 2075 martirem.

1146 2123 1184 2181 Ut
1198 2121 1230 2178 in
1246 2123 1309 2191 ejns
1323 2119 1504 2185 Festtvitcte,
1521 2115 1569 2172 die
1591 2119 1632 2171 ta.

1179 2208 1211 2272 Υ.
1227 2211 1339 2264 lustum
1352 2205 1476 2262 deduxit
1488 2203 1630 2261 Dominus
1645 2217 1701 2275 per
1716 2199 1803 2255 viam.

1189 2317 1300 2373 Ymnus
1310 2315 1347 2372 de
1359 2314 1490 2371 aduente
1508 2309 1629 2367 Domini
1636 2307 1805 2365 cotidianas
1817 2301 1853 2360 cd
1867 2301 1941 2368 Vespe-

265 2395 344 2452 Dum
358 2411 484 2468 ymnum
499 2396 627 2452 dicimus
641 2398 788 2454 honorem
802 2401 831 2454 et
840 2397 966 2467 gloriam
982 2398 1092 2452 damus
1146 2421 1224 2463 mm,

267 2483 483 2541 Ymnumdum
507 2484 644 2542 canimus
659 2484 788 2543 Ecclesia
802 2489 872 2543 vota
887 2489 1093 2541 monstramus
1182 2492 1310 2549 verbum
1319 2505 1483 2564 supernum
1493 2487 1646 2562 prodiens.
1659 2473 1941 2544 UtinBrecicrie,sot.
2019 2539 2020 2544 .

266 2572 398 2628 landem
411 2578 440 2627 et
453 2573 588 2630 omnium
608 2574 700 2631 finem
712 2574 872 2631 noxiarum
886 2573 1038 2630 obtamus.

1148 2583 1192 2640 ΥΟ.

268 2659 346 2734 [xor]
368 2662 476 2718 Ymnns
490 2661 527 2719 rie
537 2663 668 2719 aduentu
680 2663 794 2718 Domini
809 2670 836 2719 et
850 2662 1026 2720 Sanctorum
1035 2661 1094 2732 ses-
1181 2668 1213 2730 y,
1227 2669 1304 2724 Deus
1319 2664 1476 2723 manifeste
1489 2663 1598 2720 veniet.

305 2751 420 2808 civitate
434 2757 479 2806 ter
490 2750 664 2824 maresque·
686 2753 718 2808 in
741 2749 924 2808 bisintinum
951 2749 1094 2808 dicendae

303 2844 345 2896 est
364 2839 485 2910 qnando
500 2839 632 2896 adventu
650 2839 772 2897 Domini
785 2839 936 2911 incipitur.

374 2926 504 2984 Gaudete
519 2927 607 2983 flores
625 2928 792 2999 martirum,

338 3014 453 3074 salbete
469 3014 571 3088 plebes
583 3015 728 3085 gentium,

337 3103 441 3159 Visum
454 3118 508 3176 per
519 3108 600 3160 astra
612 3103 730 3173 mittite,

338 3192 459 3261 sperate
474 3191 595 3261 signum
611 3190 713 3263 glorie.

370 3282 463 3337 Voces
478 3280 692 3353 Prophetarum
703 3283 821 3339 sonant.

337 3369 441 3427 Venire
456 3369 577 3425 thesum
592 3367 742 3437 nuntiant,

337 3456 539 3516 Redemtionis
552 3457 667 3530 previa,

339 3548 404 3612 Oua
415 3561 472 3603 nos
487 3546 613 3604 redemit
622 3547 727 3620 gratia.

374 3634 426 3691 Hic
439 3650 529 3692 mane
544 3638 681 3692 nostrum
699 3636 856 3709 promicat,

344 3725 378 3781 Et
394 3723 487 3782 corda
496 3724 553 3782 leta
567 3728 730 3781 exestuant.

342 3814 416 3871 Cum
426 3829 485 3870 vox
497 3811 592 3868 fidelis
607 3815 748 3884 personat

342 3901 557 3958 Pronuntiatrix
568 3900 706 3970 gloriam.

380 3992 469 4047 Tanta
482 3990 585 4046 salutis
598 3988 755 4061 gaudium,

346 4078 409 4145 Quo
424 4082 467 4133 est
476 4077 643 4135 redemtum
655 4076 801 4150 seculum,

347 4165 533 4236 Exceptionis
548 4166 683 4223 inclitum

347 4251 462 4308 Abhinc
475 4252 589 4309 ciamus
599 4253 759 4310 canticum.

384 4340 537 4396 Adventus
551 4340 600 4397 hic
611 4342 728 4414 primus
742 4340 798 4398 fuit

349 4429 456 4485 Punire
469 4446 531 4501 quo
542 4444 602 4486 non
614 4428 706 4486 seculi

351 4517 486 4575 Venisset
495 4518 579 4574 ulcus
593 4521 708 4590 tergere

355 4605 524 4665 Salbandos
538 4605 711 4681 [salbando]
724 4606 804 4681 quod
818 4608 953 4681 perierat.

389 4695 434 4752 ttd
447 4710 528 4753 nunc
541 4695 693 4753 secundus
712 4702 870 4770 premonet

355 4784 466 4844 Adesse
480 4784 627 4843 Christum
640 4785 739 4842 ianuis

357 4873 475 4933 Sanctis
488 4888 616 4932 coronas
633 4873 759 4933 reddere

357 4961 475 5036 Celique
488 4978 582 5033 regna
593 4966 727 5035 pandere

393 5054 500 5109 Eterna
512 5051 565 5108 lux
578 5051 759 5124 promittitur

358 5140 506 5212 sidusque
518 5140 640 5198 salbans
655 5140 803 5213 promitur

357 5225 417 5285 lam
431 5243 488 5284 nos
501 5228 589 5285 iubar
600 5227 803 5300 prefulgidum

355 5315 399 5372 aa
414 5316 462 5372 ius
477 5320 564 5377 vocet
581 5316 733 5372 celestium

390 5406 426 5461 Te
444 5404 554 5461 tthriste
570 5403 668 5459 solum
680 5401 835 5475 querimus

353 5491 456 5550 Videre
471 5492 547 5547 sicut
557 5505 588 5545 es
602 5492 680 5547 Deus

1384 2755 1471 2810 Alius
1483 2753 1523 2809 nd
1537 2749 1733 2808 Matutinam.

1181 2849 1244 2903 Vox
1259 2845 1340 2902 clara
1352 2859 1419 2900 ecoe
1434 2844 1560 2899 intonat.
1573 2842 1630 2912 sci.
1650 2843 1692 2896 tl.

1146 2937 1221 2994 Item
1234 2931 1579 2991 Dominicniisdicendus
1592 2927 1703 2986 tcmcd
1720 2927 1865 2997 vesperum
1875 2933 1945 2992 quam

1107 3030 1128 3090 C
1432 3019 1482 3076 Ad
1495 3018 1688 3076 Matutinum.

1183 3110 1288 3170 Christi
1300 3110 1419 3167 caterba
1431 3108 1571 3166 clamitet.
1584 3108 1642 3178 sci.
1662 3110 1685 3163 t.

1181 3199 1214 3263 Υ.
1225 3199 1326 3257 Excita
1338 3196 1515 3270 potentiam.

1315 3288 1425 3343 Ymnna
1440 3286 1471 3342 in
1487 3286 1564 3343 diem
1576 3288 1679 3341 sancte
1694 3282 1814 3341 cecilie.

1183 3376 1277 3435 lncliti
1295 3374 1404 3433 festum
1414 3374 1550 3449 pudoris.
1571 3375 1608 3431 Ut
1623 3375 1656 3429 in
1667 3375 1736 3443 ejus
1749 3361 1950 3429 Festivitstedit

1147 3471 1192 3525 22.
1205 3466 1391 3525 Novembris.

1182 3553 1213 3617 Υ.
1234 3553 1415 3610 Exultabunt
1430 3552 1523 3608 sancti
1539 3552 1568 3608 in
1579 3549 1685 3622 gloria.

1299 3642 1410 3698 Ymnus
1423 3640 1540 3698 indiam
1552 3640 1651 3697 sancti
1660 3638 1830 3697 Clementis.

1185 3738 1343 3799 Clementis
1357 3737 1466 3795 festum
1479 3736 1645 3795 celebratur
1654 3735 1734 3793 odie.
1754 3732 1831 3793 Utin
1844 3724 1951 3803 eisaie

1150 3829 1291 3895 stipitem,
1307 3828 1355 3885 die
1368 3832 1414 3885 23.

1186 3918 1217 3979 Υ.
1232 3922 1345 3976 lustum
1357 3916 1481 3974 deduxit
1495 3914 1650 3973 Dominus.
1941 3988 1946 4000 ι

1190 4006 1290 4081 [ucat]
1310 4006 1421 4063 Ymnus
1437 4006 1468 4062 in
1477 4005 1553 4061 diem
1561 4004 1660 4061 sancti
1674 4000 1835 4061 Saturnini
1843 3996 1953 4067 episcopt·

1189 4096 1385 4154 Dicendusest
1396 4100 1474 4151 totus
1487 4094 1518 4148 in
1527 4091 1718 4163 passienisin
1733 4082 1911 4148 translatinis
1917 4089 1955 4133 sve

1156 4190 1274 4245 tantum
1289 4184 1340 4240 nbi
1354 4182 1455 4240 littero
1469 4180 1656 4253 conspexeris
1671 4180 1706 4237 lc
1724 4182 1776 4237 Tc.
1941 4252 1947 4263 .

1191 4274 1277 4330 Vocis
1290 4270 1390 4328 audite
1405 4269 1523 4327 nobitas
1537 4268 1659 4325 refulsit.
1677 4269 1714 4325 Ut
1731 4270 1762 4325 in
1777 4267 1839 4337 ejm
1853 4256 1956 4319 Fertiu·

1118 4375 1142 4433 n
1157 4367 1228 4427 tate,
1238 4360 1288 4418 die
1299 4363 1343 4416 aa.

1193 4448 1225 4510 Υ.
1236 4452 1268 4504 ln
1283 4446 1439 4504 memoria.

1260 4537 1371 4593 Ymnns
1385 4538 1415 4591 in
1430 4536 1506 4592 diem
1522 4536 1620 4592 soracti
1631 4534 1734 4591 Andre
1748 4526 1880 4601 apostoli.
1945 4607 1949 4617 Ι

1195 4627 1290 4682 Decus
1303 4625 1411 4680 sacrati
1423 4624 1564 4680 nominis.
1577 4624 1613 4681 Ut
1624 4624 1654 4680 in
1665 4625 1730 4693 ejas
1737 4620 1908 4679 Festivitcta
1923 4608 1960 4664 ‘¹⁸⁶

1196 4801 1228 4865 Υ.
1247 4806 1357 4859 lustum
1373 4800 1495 4857 deduxit
1506 4800 1659 4857 Dominus.

1312 4890 1422 4947 Ymnm
1438 4892 1469 4947 in
1486 4890 1563 4947 diem
1577 4896 1679 4947 sancte
1693 4886 1843 4947 leocadie.
1949 4961 1954 4970 θ

1200 4978 1394 5037 sanctissime
1408 4978 1559 5035 leocadie.
1576 4978 1612 5035 Ut
1624 4978 1655 5034 in
1666 4979 1730 5048 ejns
1745 4973 1917 5031 Fertiuitatn
1928 4961 1965 5017 dn

1163 5072 1190 5127 ⁹.
1205 5066 1378 5127 decembris.

1199 5155 1230 5217 Υ.
1247 5156 1470 5214 contessionem
1487 5160 1515 5211 et
1528 5154 1677 5211 decorem.

1327 5246 1437 5301 Ymnus
1453 5244 1573 5299 indiam
1589 5250 1689 5299 sancte
1703 5240 1834 5297 Eulalia.
1950 5312 1954 5323 Ι

1200 5332 1330 5389 taudem
1345 5332 1430 5389 beate
1441 5331 1559 5387 Eolatie.
1580 5333 1615 5389 Ut
1632 5332 1663 5386 in
1677 5332 1739 5401 ejus
1749 5314 1966 5385 Festinantem

1195 5508 1228 5570 Υ.
1244 5509 1378 5581 Speciem
1392 5514 1421 5567 et
1434 5507 1676 5583 pulcritudinem.

2010 1735 2012 1808 l
