4117 6175
5 5 522 19 ——w——v-wn—-w—
535 7 581 10 v--
610 4 625 6 --

201 222 255 287 cs
819 204 1050 280 saussaius
1068 202 1266 277 etruscus.
1697 218 1700 231 ¹
1860 216 1912 293 ee

235 344 472 409 nuncnunc·
482 339 582 414 mdc
593 339 721 399 wiese
735 338 805 407 tue,
819 331 943 396 domine
956 331 1028 389 tesu
1042 331 1068 389 Α
1119 330 1333 403 orationum,
1342 331 1476 401 llomine,
1485 333 1912 411 steilaveritatisoriensexta·

202 436 335 504 christu
345 433 399 507 qui
411 446 482 491 cum
495 430 591 499 Patre,
604 433 634 487 et
652 427 763 501 Spiritu
778 427 888 485 Sannio
897 420 984 491 vivis,
999 423 1029 482 el
1084 418 1152 488 cos,
1166 419 1320 496 homoque
1335 437 1521 497 consurgens
1530 438 1568 481 ex
1581 423 1670 485 lsrael
1685 442 1692 481 ι
1706 426 1736 481 et
1745 424 1776 485 in
1788 440 1867 488 novo
1876 427 1913 490 si-

202 525 307 588 omnia
323 522 403 594 regis
413 521 445 578 in
455 518 566 577 secula
575 517 767 575 seculorum.
1086 509 1152 569 dere
1162 510 1328 571 ostenderis
1338 514 1464 583 houset
1474 513 1505 571 in
1516 513 1664 587 presepio
1674 513 1792 586 positus
1802 517 1915 580 lleueet

237 613 383 690 Iterumne
397 609 437 670 sit
454 622 582 682 semper.
597 619 630 679 n.
652 608 685 665 tit
698 620 780 666 cum.
1085 599 1188 669 homo,
1204 615 1283 659 unus
1307 600 1435 664 crederis
1455 602 1586 663 Christus
1598 618 1606 671 ;
1620 606 1742 677 propter
1768 619 1915 683 magnam

239 683 272 778 n.
289 705 366 761 Luce
379 698 460 756 clara
473 694 602 767 fulgebis
615 696 648 753 in
660 694 798 753 omnibus
809 690 922 752 finibus
934 692 1029 749 terre.
1086 688 1320 753 misericordiam
1334 694 1417 751 tuem
1429 691 1556 752 visionis
1582 697 1641 752 tue
1666 691 1754 751 nobis
1783 708 1916 769 proroga

203 778 1031 863 Nationesmultusdelonginqucvenienttihi,athabita·
1087 778 1216 851 gratiam
1236 784 1402 854 :appareat
1422 781 1454 841 in
1477 780 1566 839 nobis
1590 780 1668 839 lucis
1691 784 1750 844 tue
1770 782 1916 843 rameniis

204 868 1032 948 torestuovissimispartibustemesinmanibushaben·
1088 868 1220 941 signum,
1236 870 1455 944 quodexpellat
1469 870 1723 932 omnestenebras
1750 872 1892 943 vitiorum
1909 890 1916 931 ι

203 972 391 1041 tespnunerq.
404 966 440 1023 P.
449 963 521 1040 lisqi
531 962 675 1022 coelorum
685 962 815 1021 offerunt
825 958 1005 1019 cumteutia
1022 971 1031 1015 ε
1087 962 1130 1025 ut,
1142 959 1194 1033 qui
1205 958 1330 1017 visionis
1346 963 1406 1016 tuse
1421 959 1568 1023 desiderio
1587 959 1778 1035 mamus,
1792 959 1917 1032 visionis

205 1060 235 1122 et
249 1070 360 1131 numen
373 1052 492 1127 llomiui
506 1066 653 1127 magnum
669 1051 723 1110 erit
735 1050 767 1108 in
786 1048 888 1124 omnia
909 1045 1033 1105 secula.
1088 1048 1147 1104 tuse
1159 1047 1284 1121 praemio
1298 1046 1498 1114 consolemur.
1513 1060 1547 1121 u.
1562 1051 1668 1107 Amen.

204 1146 237 1208 t.
250 1140 411 1204 omnesde
424 1139 766 1210 suessoniensem
782 1140 811 1196 et
820 1138 889 1195 thus
901 1134 1034 1193 deleren—
1124 1138 1177 1195 Per
1191 1135 1425 1199 misericordiam
1435 1140 1530 1204 tuam,

205 1238 264 1298 tes.
274 1234 304 1290 et
316 1229 439 1288 laudem
447 1227 575 1286 Domino
583 1228 808 1287 annuntiantes.
819 1228 852 1283 Ρ.
865 1223 937 1298 ileqi
945 1222 1034 1281 coelo-
1124 1235 1158 1297 te.
1171 1224 1274 1296 Fulget
1292 1225 1416 1293 Goelum,
1437 1230 1466 1283 et
1476 1228 1564 1290 Terra
1586 1226 1724 1302 splendet
1740 1230 1759 1290 a
1783 1228 1919 1291 unius

206 1336 285 1382 rum.
299 1318 330 1381 l.
345 1317 452 1390 Gloria,
464 1321 493 1375 et
507 1317 612 1385 honor,
633 1320 688 1375 etc.
703 1316 741 1374 Ρ.
759 1315 830 1387 Regi
843 1313 998 1371 coelorum.
1090 1312 1152 1386 liei,
1168 1313 1221 1387 qui
1235 1314 1380 1388 processit
1389 1314 1426 1374 de
1436 1314 1608 1378 habitaculo
1623 1320 1726 1377 sancto
1741 1332 1796 1378 suc
1809 1332 1918 1389 sanare

245 1407 356 1469 Oratio
371 1404 521 1476 Abundat,
536 1421 709 1479 quesumus
728 1404 863 1470 Domine,
878 1401 908 1459 in
928 1399 1036 1462 diebus
1091 1402 1307 1461 contribulatos
1321 1402 1421 1473 corde,
1438 1407 1468 1464 et
1490 1404 1577 1463 cecis
1594 1404 1720 1465 reddere
1743 1406 1857 1466 lumen.
1882 1407 1918 1466 P.

207 1498 317 1559 nostris
329 1496 379 1555 lux
393 1496 534 1557 claritatis
544 1500 602 1553 turs
614 1495 767 1554 infinibus
781 1499 866 1552 terris
879 1513 887 1555 ;
900 1493 940 1558 ui.
956 1506 1035 1566 quos
1091 1492 1222 1553 Gaudete
1236 1492 1336 1560 hodie,
1352 1492 1501 1551 universe
1513 1495 1629 1562 Gentes,
1645 1493 1741 1568 quiin
1755 1494 1853 1553 medin
1865 1510 1918 1553 ve-

207 1585 413 1672 Apparitionis
432 1589 490 1644 tuae
507 1584 574 1644 luce
593 1584 729 1652 irradias,
745 1583 933 1645 abundantia
951 1579 1036 1657 pacis
1092 1581 1144 1639 sul
1154 1580 1288 1641 Salvator
1300 1582 1437 1654 apparuit
1452 1582 1537 1654 :jam
1547 1582 1637 1641 nolite
1645 1598 1764 1656 pavere.
1776 1582 1808 1649 i.
1819 1582 1919 1646 illuxit

208 1691 428 1752 usquequaque
443 1674 582 1733 sustollas
599 1692 606 1733 :
622 1679 664 1743 ut,
680 1674 753 1731 dum
766 1671 915 1747 deputatis
931 1667 1038 1727 ciliciis
1053 1685 1076 1753 Β
1092 1669 1174 1727 enim
1184 1670 1281 1743 gratia
1293 1670 1512 1734 DeiSalvatoris
1522 1672 1657 1733 nostriin
1668 1672 1919 1731 omnibuslromi·

210 1764 348 1839 obsequii
362 1762 563 1836 dependimus
579 1768 693 1833 votum,
710 1764 845 1820 aetherea
858 1760 934 1819 lucis
948 1758 1038 1817 lumi·
1093 1759 1195 1819 nibus.
1207 1761 1244 1817 P.
1258 1758 1389 1819 Gaudete
1399 1759 1499 1821 hodie.
1513 1761 1546 1827 lt.
1568 1760 1676 1833 Gloria,
1695 1767 1724 1821 et
1734 1762 1842 1831 horror,
1856 1765 1915 1831 etp.

209 1868 321 1913 nosum
336 1852 492 1932 capiamus
504 1850 652 1913 effectum.
669 1863 701 1925 lp.
718 1854 823 1916 Amen.
1092 1848 1130 1907 P.
1150 1848 1280 1909 Gaudete
1292 1848 1391 1909 hodie.

245 1946 299 2003 Per
317 1940 568 1999 misericordiam.
1131 1938 1246 1997 Oratio.
1266 1937 1377 2011 Fulget,
1393 1938 1517 2004 nomme
1531 1938 1646 2002 Goelum
1658 1939 1782 2005 rutilum
1808 1942 1921 2009 sereni-

245 2030 431 2103 scriptore.
446 2030 571 2103 Signum
581 2045 727 2103 magnum
735 2028 929 2089 visumestin
939 2026 1014 2085 coelo
1030 2044 1037 2084 ε
1094 2032 1153 2089 tete
1164 2032 1324 2099 asuerum,
1334 2030 1483 2103 Terraque
1495 2029 1564 2103 ipsa
1576 2030 1734 2103 refulgenti
1748 2030 1863 2095 lumine
1878 2048 1923 2097 ss·

211 2119 499 2181 llulieramictaerat
510 2118 584 2192 sole,
593 2123 621 2177 et
630 2120 704 2178 luna
713 2118 770 2177 suls
782 2116 912 2195 pedibus
921 2118 999 2190 eius,
1011 2119 1041 2175 et
1094 2118 1306 2191 renatur,quia
1316 2132 1461 2191 apparere
1468 2118 1609 2191 agustus
1623 2120 1775 2181 mmundo
1784 2121 1822 2181 de
1835 2120 1923 2185 helri-

211 2204 302 2285 s'uper
315 2212 406 2292 caput
421 2208 487 2283 ejus
510 2224 623 2268 corona
643 2208 793 2269 swssarum
809 2206 981 2265 duodecim.
1005 2206 1040 2263 Et
1093 2207 1192 2265 uculo
1208 2210 1313 2266 sancto
1332 2210 1399 2274 tuo;
1415 2222 1490 2268 sana
1500 2222 1573 2281 ergo
1591 2209 1689 2269 cordis
1703 2210 1797 2271 nostri
1810 2212 1923 2275 mesit-

210 2298 381 2364 testinabat,
405 2302 437 2355 ut
460 2299 581 2374 pareret
592 2315 600 2366 ;
613 2301 641 2354 et
666 2298 781 2373 peperit
799 2296 906 2355 filium.
922 2294 956 2352 P.
983 2294 1040 2362 oui
1094 2297 1179 2367 dem,
1194 2295 1265 2371 quia
1281 2294 1321 2353 ad
1336 2296 1394 2355 hoo
1409 2297 1525 2366 venisti,
1546 2302 1578 2357 ut
1591 2298 1723 2357 redimas
1750 2299 1892 2377 universa
1912 2317 1920 2358 τ

212 2389 622 2457 recturusesiomnesgentes
631 2386 662 2445 in
673 2384 869 2459 virgaierree.
882 2382 914 2448 il·
928 2386 961 2441 ln
977 2382 1040 2440 sole
1094 2384 1227 2459 illudque
1238 2384 1348 2445 nostris
1362 2385 1567 2446 cculislumeu
1579 2386 1789 2463 senibusque
1800 2394 1827 2449 te
1839 2388 1922 2463 puri·²

210 2470 663 2553 posuittabernaculumsuum:
680 2475 781 2551 etipse
792 2479 939 2549 tanquam
950 2487 1041 2547 spon·
1094 2474 1174 2535 ficati
1187 2488 1306 2546 semper
1319 2488 1489 2535 mereamur
1503 2475 1636 2549 aspicere
1655 2493 1662 2533 :
1679 2477 1778 2552 utqui
1797 2477 1922 2555 appari-

213 2582 263 2623 sus
273 2565 436 2641 procedens
448 2562 486 2622 de
497 2561 631 2623 thalamo
641 2580 707 2621 suc.
721 2562 758 2623 P.
775 2564 831 2631 Qui
840 2566 975 2620 recturus
985 2563 1039 2620 est.
1095 2562 1183 2624 tionis
1197 2566 1254 2621 tuae
1273 2562 1386 2637 gaudia
1400 2562 1575 2637 letabunda
1588 2566 1763 2626 nuntiamus
1776 2566 1809 2627 in
1825 2567 1922 2644 Genti·

212 2654 244 2718 nl.
258 2653 364 2723 Gloria,
381 2655 411 2711 et
419 2653 527 2719 honor,
543 2655 597 2710 cic.
612 2651 648 2709 Ρ.
666 2652 722 2720 Qui
731 2656 865 2709 recturus
878 2654 933 2708 cst.
1094 2652 1164 2723 lius,
1181 2651 1299 2721 infinita
1309 2659 1407 2712 tecum
1421 2652 1522 2716 laetitia
1537 2654 1737 2727 gaudeamus.
1768 2666 1801 2731 tp.
1815 2658 1923 2733 Amen

249 2744 362 2802 Orctio.
372 2740 887 2807 Deussanctificatordioihodiernse,
896 2738 1041 2815 quieanc-
1130 2744 1185 2811 Per
1198 2740 1437 2801 misericordiam
1450 2746 1547 2804 tuam.

211 2828 1039 2908 ioehujuslestivitatisnomeudemirahilibus‚indidisti;
1130 2831 1321 2903 Antiphone.
1340 2833 1402 2905 Ego
1416 2847 1485 2905 sum
1496 2830 1643 2907 Alpheae
1658 2835 1778 2909 omega,
1794 2833 1923 2913 primus,

212 2921 469 2992 deEcclesioetum,
483 2920 780 2995 utsicutEpiphania,
791 2918 876 2977 idest
895 2918 1042 2978 hodierna
1096 2924 1126 2982 el
1138 2920 1323 2982 novissimus
1343 2920 1550 2996 :principium
1570 2927 1598 2982 et
1612 2922 1690 2983 finis,
1705 2924 1741 2986 Ρ.
1766 2925 1825 2995 ligo
1854 2939 1926 2999 spus

213 3010 432 3077 solemnitas,et
442 3011 501 3083 09
510 3009 670 3067 declaratio
680 3015 707 3067 et
726 3010 875 3085 apparitio
888 3023 1080 3106 nuncupa-q
1096 3010 1192 3079 radix,
1203 3015 1335 3081 elstanus
1346 3009 1450 3079 David,
1461 3010 1546 3072 stella
1556 3010 1723 3088 splendida,
1732 3012 1925 3088 etmqtutina.

214 3099 1042 3175 tur:itainpopulotuoclaritasllujestaiistumiulgescat,
1098 3100 1511 3174 Sponsus,etsponsadicunt
1527 3102 1925 3180 sVenlAEtquisitiGreniffiz

214 3187 1042 3264 etsanctitatislumenappareal‚utplebshoec‚intuono·
1096 3193 1125 3247 et
1142 3189 1272 3261 accipiat
1288 3204 1402 3262 aquam
1425 3189 1504 3261 dtis,
1519 3190 1620 3264 matis.
1636 3190 1670 3254 Ρ.
1697 3193 1775 3261 fleus
1800 3191 1928 3269 deorum

213 3277 1043 3354 mineconsecrata‚hochabeatjagiterinccnversatione,
1098 3277 1244 3341 Dominus
1257 3277 1374 3350 loeutus
1396 3281 1451 3350 est,
1465 3283 1494 3340 et
1520 3279 1638 3356 vocant
1660 3284 1782 3356 terram.
1811 3283 1843 3356 Ρ.
1862 3283 1926 3358 Ggo

213 3365 690 3444 quodhseclestivitasappellutur
707 3369 925 3441 annominelp.
936 3371 1042 3428 Amen.
1099 3367 1224 3428 sumit.
1241 3364 1348 3433 Glorie,
1364 3371 1419 3424 ete.
1435 3367 1468 3442 Ρ.
1482 3370 1543 3442 Ege
1559 3384 1627 3442 suun
1640 3367 1747 3446 alpha,
1758 3372 1787 3446 ot
1801 3370 1928 3444 omega,

249 3460 303 3514 Per
321 3455 558 3517 misericordiam
575 3461 669 3516 tuam.
1135 3456 1250 3514 Oratio.
1269 3455 1374 3527 alpha,
1388 3459 1417 3514 et
1433 3458 1557 3530 omega,
1572 3457 1764 3532 principium,
1792 3461 1821 3515 ei
1847 3458 1926 3524 linis,

249 3545 437 3616 antiplona.
460 3549 534 3603 licre
548 3546 624 3604 odor
637 3545 690 3603 tilii
711 3546 771 3606 mei
788 3545 864 3603 sicut
878 3547 954 3605 odor
981 3546 1046 3618 agri
1098 3544 1193 3609 radix,
1206 3548 1234 3601 et
1247 3558 1342 3615 genus
1352 3542 1440 3611 filius,
1456 3544 1660 3620 Dominusque
1674 3546 1777 3612 David,
1795 3546 1928 3604 Christus

216 3633 309 3708 pleni,
327 3633 376 3692 cui
390 3633 543 3693 benedixit
553 3635 709 3693 Dominus.
723 3637 777 3693 llet
785 3634 836 3692 tibi
847 3637 924 3693 Deus
932 3635 969 3692 de
976 3649 1045 3692 rore
1099 3635 1176 3691 neus
1194 3634 1222 3689 at
1240 3632 1343 3698 homo,
1359 3647 1413 3706 per
1436 3649 1527 3706 quem
1540 3634 1642 3708 utique
1657 3637 1700 3692 est
1714 3633 1773 3701 ille,
1800 3649 1837 3691 ex
1864 3649 1928 3708 quo

216 3720 291 3791 emh,
307 3727 336 3779 et
349 3722 386 3780 de
400 3723 585 3798 pinguedine
608 3730 705 3782 terrae.
726 3724 762 3782 P.
784 3726 819 3782 Ut
841 3724 971 3781 serviant
990 3723 1045 3781 tibi
1098 3738 1164 3780 esse
1179 3721 1319 3792 dignutus
1330 3737 1379 3790 es;
1393 3727 1457 3779 esto
1469 3721 1557 3780 nobis
1570 3721 1729 3798 propitius,
1742 3721 1817 3780 dum
1830 3737 1887 3792 nos
1898 3727 1930 3780 et

162 3848 167 3856 ·
218 3813 334 3880 Gentes,
344 3810 854 3880 stadonenttetrihus.l.Petelme
864 3813 976 3872 atdabo
991 3811 1046 3870 tibi
1098 3818 1131 3871 ut
1145 3810 1240 3870 David
1255 3809 1399 3869 Dominus
1412 3813 1500 3884 regis,
1523 3818 1551 3871 et
1564 3817 1597 3871 ut
1614 3813 1738 3871 humilis
1757 3813 1930 3871 misericors

217 3899 1045 3981 Gentesheredltatemtuam,etpossessionemterminor
1098 3901 1243 3960 redimis:
1260 3905 1291 3957 ut
1302 3908 1419 3976 sceptro
1426 3906 1478 3960 tuo
1488 3902 1651 3976 subjiciens
1662 3903 1850 3961 devotionem
1861 3917 1934 3959 nos·

217 3989 315 4046 terre.
332 3987 370 4048 Ρ.
383 3991 419 4046 ut
440 3988 570 4047 serviant
591 3988 646 4046 tibi
669 3989 786 4062 Gentes,
809 3993 838 4047 et
857 3989 992 4048 adorent.
1011 3987 1044 4052 t.
1099 3995 1188 4060 tram,
1204 3989 1286 4048 solus
1306 4005 1362 4049 uos
1382 3992 1540 4066 possideas
1554 3993 1585 4049 in
1597 3996 1754 4061 eternum,
1769 3991 1823 4066 qul
1848 3992 1933 4050 eolus

218 4075 325 4142 Gloria,
341 4079 370 4134 et
382 4075 491 4146 honor,
507 4079 563 4135 etc.
581 4079 616 4134 P.
640 4081 676 4135 Ut
692 4077 830 4136 semlant.
1100 4081 1196 4138 victor
1209 4080 1304 4138 lactus
1322 4094 1355 4139 es
1370 4080 1566 4140 internorum.
1579 4093 1612 4154 u.
1628 4087 1735 4139 Amen.

255 4165 604 4225 omttc.Glor10seneus
622 4170 745 4242 pateret
758 4165 894 4236 Domine,
911 4165 964 4243 qui
979 4167 1048 4224 tJnt-
1136 4169 1171 4226 nt
1189 4183 1348 4243 permanes
1363 4170 1438 4226 Deus
1452 4169 1628 4228 benedictus
1641 4171 1673 4228 in
1695 4169 1800 4230 omnia
1820 4167 1934 4227 secula

219 4253 355 4327 genitcet
363 4255 640 4314 coaeternollliotuo
651 4255 760 4314 servire
769 4259 874 4314 Gentes
882 4260 912 4314 et
920 4255 1047 4314 adorare
1102 4256 1291 4315 saeculomm.
1307 4260 1457 4330 maman.

221 4345 313 4402 tribus
321 4343 431 4403 dedisti
447 4345 629 4420 :poscimus
640 4350 691 4403 tua
698 4344 758 4420 ipsi
766 4345 919 4420 possessio
930 4345 1025 4404 simus
1039 4362 1047 4414 ;
1062 4385 1086 4458 D
1137 4345 1281 4402 Dominus
1294 4345 1340 4403 sit.
1355 4355 1387 4417 lt.
1400 4347 1434 4402 lit
1448 4361 1527 4402 cum.

219 4437 254 4490 ut
264 4431 712 4505 abejusfiliituinondeviemus
725 4434 894 4508 preceptis,
910 4434 978 4493 utel
991 4451 1048 4492 nos
1402 4435 1438 4490 ln
1458 4435 1620 4494 Laudibus.

219 4521 1049 4599 indiviseconnectes,quemextegenitumgloricsepro·
1138 4522 1788 4595 Adcanticum.tcttplcucnenedictusss
1803 4521 1932 4580 Domine

220 4613 353 4672 nuntiae.
367 4624 399 4684 n.
414 4616 519 4672 Amen.
1104 4613 1183 4671 Deus
1194 4612 1295 4677 lsrael,
1311 4611 1382 4686 quia
1396 4611 1519 4670 visitasti
1527 4627 1592 4679 nos,
1604 4616 1633 4670 et
1643 4611 1738 4672 iecisti
1750 4610 1933 4684 redemptio·

258 4702 334 4769 Girla
347 4705 446 4760 tecum
461 4718 579 4760 summe
591 4704 677 4762 Pater
690 4706 719 4762 et
732 4717 803 4761 cum
817 4703 924 4777 Spiritu
941 4703 1050 4763 Sancto
1104 4715 1174 4761 nem
1188 4701 1285 4778 plebis
1297 4705 1366 4761 tue.

222 4804 302 4848 unus
316 4792 361 4849 est
372 4792 448 4848 lleus
460 4791 491 4848 ln
501 4791 612 4849 secula
630 4791 819 4851 seculorum.
1283 4791 1440 4850 cauticum
1455 4790 1709 4863 Zaclcmuttldp.
1721 4790 1753 4863 r).

259 4879 404 4938 [lominus
419 4879 467 4938 eit.
484 4892 516 4953 re.
537 4881 572 4938 lit
584 4895 664 4939 cum.
1140 4881 1175 4938 et
1193 4879 1286 4938 erexit
1307 4893 1400 4938 cornu
1415 4879 1519 4938 salutis
1541 4879 1640 4947 noble,
1656 4883 1666 4904 ·
1681 4880 1712 4936 in
1731 4879 1821 4938 domo
1838 4877 1937 4935 David

259 4967 445 5037 antiplona.
454 4970 532 5029 Dixit
544 4968 848 5029 auditorsermonum
856 4969 986 5041 Gemini,
997 4971 1052 5045 qui
1105 4969 1191 5044 pueri
1201 4969 1257 5026 sul.

224 5052 371 5114 visionem
380 5057 599 5132 omnipotentis
609 5060 732 5119 intuitus
742 5063 795 5118 eet.
805 5058 1050 5131 P.videhoeum,
1143 5059 1348 5118 sicutlocutus
1359 5063 1462 5134 estper
1472 5059 1698 5128 cerauniorum,
1711 5059 1721 5096 ⁹
1735 5053 1938 5130 quisseeulo

225 5145 276 5202 sed
290 5157 353 5202 non
366 5145 460 5204 modo
479 5163 486 5203 r
501 5147 641 5207 intuebor
665 5149 762 5218 illum,
781 5149 835 5208 sed
862 5163 925 5207 non
946 5163 1051 5222 prope.
1107 5152 1184 5218 eunt,
1200 5147 1412 5222 prophetarum
1426 5148 1515 5218 ejus:

226 5233 341 5293 orietur
354 5233 1052 5312 sullaextacobetconsurqetlnomodelsrael.
1143 5237 1272 5296 Salutem
1288 5253 1325 5294 ex
1353 5235 1481 5294 inimicis
1500 5235 1620 5301 nostris,
1639 5237 1694 5296 'et
1707 5235 1745 5296 de
1759 5249 1854 5295 manu
1873 5249 1940 5296 nm·

225 5325 259 5385 l.
273 5329 397 5398 liranus
411 5327 672 5396 Geminusnoster,
685 5333 715 5386 et
724 5343 837 5402 magua
850 5328 948 5388 virtus
962 5329 1028 5403 eins
1044 5345 1051 5384 :
1107 5327 1191 5382 nium
1205 5325 1276 5382 odio
1288 5326 1341 5398 qui
1354 5323 1482 5382 oderunt
1497 5339 1553 5382 nos
1575 5340 1582 5380 :

226 5417 256 5470 ct
272 5417 425 5491 sepientis
443 5417 509 5489 ejus
533 5430 596 5473 non
620 5420 668 5473 est
688 5431 847 5475 numerus.
874 5420 911 5475 Ρ.
940 5417 1052 5478 videbo
1142 5413 1187 5471 ld
1203 5413 1373 5472 taciendam
1388 5410 1621 5470 misericordiam
1635 5427 1706 5472 cum
1727 5412 1865 5485 patribus
1884 5426 1939 5472 no·

227 5515 308 5561 eum.
318 5503 351 5567 t.
367 5506 474 5576 Gloria,
490 5508 518 5564 et
528 5505 635 5573 honor,
651 5507 708 5562 etc.
723 5507 758 5561 Ρ.
777 5504 899 5563 videbo.
1108 5503 1193 5575 stris:
1208 5507 1257 5561 'et
1268 5501 1428 5563 memorari
1440 5501 1609 5568 testamenti
1623 5501 1671 5562 sui
1684 5501 1791 5572 sanct.
