4117 6175
276 203 332 282 asa

353 325 504 385 Gaudium
522 325 610 387 nobis
623 327 785 409 vigeatque
796 328 889 411 loupp

422 417 563 489 Tempore
577 416 657 476 husu

390 504 520 563 Gloriam
535 521 652 563 summo
662 509 781 566 resonet
794 505 911 576 Parenti

356 592 457 652 Gloria
470 593 586 655 Christo
598 594 768 670 pariterque
784 599 890 663 sanctu

356 682 479 754 Spiritui
494 681 574 740 dulci
588 681 781 746 modulemur
791 698 887 761 ymno

429 770 514 828 Omni
524 786 578 847 per
591 786 659 829 evo.

433 861 544 915 Ymaus
558 860 588 915 iu
606 862 822 923 restauratione
834 859 965 928 baselice.

429 946 451 1002 0
463 945 552 1006 beate
566 946 749 1006 iherusalem

393 1035 698 1096 Praedicandacivitas

394 1126 457 1191 Qua
466 1123 525 1180 tuis
537 1121 597 1183 leta
610 1123 739 1188 triumfla

393 1214 426 1269 ln
441 1212 580 1287 supernis
588 1211 705 1270 civibus

395 1299 544 1362 innobata
556 1299 637 1375 regis
651 1299 753 1377 amplo

392 1387 541 1455 claritatis
557 1389 695 1463 stigmate

428 1475 587 1552 Fulgidum
605 1480 727 1552 pastam
740 1475 888 1549 boantem

392 1565 482 1622 Plena
495 1570 593 1622 mater
604 1563 673 1621 filiis

391 1653 477 1711 Pacis
499 1653 577 1712 alme
590 1653 727 1725 gloriosis

392 1742 566 1808 Letabuuda
579 1743 692 1810 linibus

390 1833 453 1900 nita
463 1836 633 1899 restaurata
647 1832 730 1895 clara

391 1921 561 1980 sanctitatis
573 1921 717 1998 lampade

424 2009 476 2081 itio
494 2010 538 2073 tui
550 2009 654 2088 templi
667 2007 793 2089 relulpet

389 2099 525 2156 Sanctior
538 2098 686 2157 memoria

388 2189 457 2246 lure
475 2186 701 2249 restaurationis

387 2274 497 2333 Lucida
511 2274 689 2335 fundamine

386 2366 486 2431 Quum
499 2363 616 2424 decoris
631 2361 723 2441 pollet
734 2361 825 2432 hacto

384 2451 540 2523 Dignitelis
553 2451 649 2509 sidere

419 2543 458 2600 re
469 2555 630 2622 precantur
643 2538 693 2604 hic
711 2537 817 2610 adesse,

384 2629 525 2695 Conditor
540 2626 731 2699 sanctissime

384 2720 644 2794 ilioqueprorntus
663 2719 879 2788 consecrandis

385 2808 513 2867 Sedibus
527 2806 660 2866 inlabere

382 2897 488 2970 lldquc
502 2900 695 2968 consacratur
714 2895 782 2980 ipsa

383 2985 436 3041 iiic
450 2983 553 3045 adesto
567 2983 677 3056 iugiter

419 3072 483 3127 iam
496 3070 642 3145 templum
657 3071 832 3143 tributaria

383 3156 473 3215 etflce
484 3173 541 3215 nos
553 3159 687 3216 servulos

383 3248 449 3305 lion
462 3260 533 3314 carn
550 3260 614 3312 non
627 3245 720 3319 corda
733 3250 838 3324 nostra

384 3334 504 3406 suant
517 3334 684 3412 distribut

385 3425 435 3483 Sat
448 3428 500 3497 tun
515 3439 602 3495 sacro
616 3422 707 3496 dicad

385 3514 557 3573 serviamus
566 3511 685 3571 nomine

420 3602 523 3660 iiictui
537 3601 638 3670 elutis
654 3618 742 3677 marn

385 3691 484 3758 tuan
498 3690 614 3756 decoris
627 3690 757 3767 aleriam

384 3778 449 3837 aits
462 3794 567 3839 rursus
579 3785 768 3860 pronontiata

386 3870 448 3925 ilex
466 3883 595 3942 superne
609 3868 698 3926 risile

387 3956 440 4015 ilic
453 3961 505 4019 tua
516 3957 608 4017 virtus
620 3956 766 4028 redundet

387 4044 439 4103 Hic
452 4045 551 4104 honor
562 4044 708 4121 refulgeat

424 4135 511 4206 Regis
525 4133 583 4193 boc
592 4134 684 4196 aliare
700 4136 815 4198 summi

391 4221 432 4279 sit
445 4236 607 4280 coruscum
621 4221 733 4280 lumine

389 4310 432 4374 stt
447 4310 562 4371 honore
579 4310 786 4385 mancipatunt

390 4397 433 4456 sit
447 4397 593 4473 repletum
605 4413 730 4459 munere

391 4484 432 4542 Sit
442 4484 566 4551 beatam
578 4486 615 4551 sit
630 4502 770 4556 serenum

391 4571 433 4629 Sit
444 4572 567 4645 placens
583 4574 655 4648 ilegi
670 4578 729 4638 ileo

425 4661 477 4719 iiic
491 4660 543 4726 tibi
556 4669 728 4741 nostrorum
746 4666 830 4732 aitna

389 4751 525 4808 Cordium
538 4752 645 4824 allana

387 4840 536 4911 Coasecra
550 4858 680 4917 superus
690 4842 782 4912 iudex

387 4928 541 4989 innobans
554 4947 612 4991 nos
626 4933 724 5005 gretia

387 5019 514 5082 Sedibus
525 5020 641 5100 inlapsa
651 5023 770 5090 donans

384 5106 425 5165 lle
434 5110 571 5183 superuis
585 5127 714 5182 munera

419 5195 457 5253 tit
469 5195 522 5254 tibi
533 5213 586 5273 per
600 5214 724 5264 omnem
737 5201 852 5271 secians

381 5282 506 5341 Trinitas
519 5286 708 5345 sanctissima

380 5370 425 5428 sit
440 5370 539 5434 honor
552 5373 690 5442 inmensa
702 5374 797 5438 sutus

378 5460 412 5516 nt
422 5458 564 5534 perennis
576 5458 672 5533 gloria

907 199 1135 285 BRliVltliiUii
1155 202 1353 284 QO'l'lllljllll.

1123 330 1147 386 ll
1273 328 1329 396 Qui
1340 327 1419 384 Deus
1434 326 1466 382 in
1476 323 1615 382 trinitate

1274 418 1435 474 Permancs
1450 414 1483 472 in
1492 411 1604 488 secula

1307 511 1412 578 Amen:

1319 594 1430 651 Ymeus
1441 593 1472 650 in
1487 589 1671 650 ordinatione
1681 589 1818 665 episcopi.

1200 685 1293 740 Verus
1308 682 1489 755 Redemptor
1501 679 1614 740 Christe
1625 677 1723 740 lumen
1734 677 1851 736 luminis

1166 774 1271 844 imago
1282 771 1377 829 Patris
1392 769 1534 844 splendor
1563 766 1722 825 invisibilis

1165 859 1206 917 De
1216 860 1303 918 Patra
1316 861 1406 919 natus
1418 857 1599 917 antecedens
1612 859 1746 933 tempora

1165 950 1207 1005 lix
1219 953 1313 1007 matre
1325 963 1397 1007 vero
1417 947 1559 1021 prodiens
1572 946 1604 1022 in
1616 947 1750 1030 tempore

1165 1036 1371 1095 promissionis
1380 1035 1466 1093 ledus
1480 1033 1608 1108 implens
1618 1031 1715 1090 devite

1201 1126 1243 1182 Tu
1262 1140 1295 1182 es
1316 1123 1496 1182 sacerdostu
1505 1121 1674 1183 sacerdotes
1690 1135 1774 1180 creas

1165 1216 1208 1272 lu
1222 1213 1425 1287 principatum
1435 1213 1523 1270 sortis
1533 1209 1620 1268 huius
1646 1209 1752 1268 floride

1165 1304 1265 1359 Aaron
1277 1301 1386 1360 dedisti
1397 1303 1587 1374 consecrator
1598 1297 1698 1357 inclite

1165 1389 1338 1448 pertusione
1348 1389 1425 1448 sacri
1440 1389 1535 1447 sancti
1546 1387 1689 1460 unguinis

1165 1479 1200 1535 itt
1211 1482 1295 1536 reste
1310 1483 1415 1537 sancta
1423 1477 1540 1537 vultum
1559 1477 1623 1534 eius
1638 1473 1799 1549 predicans

1200 1566 1352 1625 sublimen
1366 1567 1452 1625 cuius
1466 1568 1498 1624 in
1513 1569 1601 1642 caput
1613 1560 1789 1642 premittitur

1122 1672 1145 1730 B
1164 1655 1264 1714 Nitens
1279 1654 1393 1712 clivum
1409 1655 1498 1713 mitra
1508 1654 1573 1712 auri
1589 1652 1738 1710 lammina

1165 1743 1370 1804 Stoladecoris
1382 1743 1559 1801 vestimento
1578 1741 1699 1816 poderis

1162 1833 1299 1892 Ambitur
1313 1834 1394 1891 idem
1403 1848 1496 1909 quem
1511 1834 1664 1889 sacratum
1673 1829 1794 1888 nuntiat

1163 1924 1303 1995 inpressa
1312 1923 1390 1980 vesti
1403 1926 1432 1981 et
1445 1920 1580 1979 colorum
1592 1919 1725 1994 dignitas

1199 2011 1290 2070 Cuius
1303 2011 1431 2084 iacintus¹
1447 2013 1523 2088 torto
1536 2007 1638 2085 bissus
1653 2021 1790 2096 purpurp

1163 2099 1253 2159 Cuius
1262 2098 1352 2157 dicati
1365 2097 1547 2174 preferentes
1559 2095 1689 2178 gloriam,

1161 2188 1257 2246 Vastis
1272 2191 1453 2255 sacrolaora
1466 2183 1656 2247 tintinabulis

1162 2277 1224 2353 [cx]
1239 2277 1309 2334 Erat
1320 2291 1447 2349 corusca
1459 2275 1513 2345 rite
1526 2273 1771 2376 dependentibus

1162 2369 1197 2424 llt
1214 2365 1355 2440 templum
1378 2364 1493 2422 intrans
1505 2363 1658 2423 audiretur
1676 2361 1810 2438 pontiiex

1195 2453 1470 2526 nisunctauemmis
1483 2452 1652 2534 pulcritudo
1675 2451 1816 2539 temporis

1159 2542 1344 2616 Affigebatur
1358 2540 1415 2600 sub
1428 2541 1534 2616 liguris
1549 2540 1672 2602 obtimis

1160 2631 1349 2690 izmaracdus
1356 2629 1415 2690 illic
1434 2630 1557 2708 sardius
1569 2630 1702 2709 topatius

1162 2721 1314 2779 onicinus
1327 2720 1509 2779 carbunclus
1521 2717 1648 2792 ligurius

1162 2809 1287 2869 saffirus
1298 2809 1392 2890 lapsis
1407 2813 1437 2868 et
1448 2810 1548 2883 nitens
1563 2807 1716 2868 crisolitus

1196 2898 1320 2957 Berillrn
1338 2899 1407 2957 inde
1422 2915 1476 2966 seu
1491 2901 1590 2973 neptes
1602 2895 1710 2974 iuigidi

1121 3022 1143 3082 G
1161 2989 1237 3048 Cum
1255 2987 1386 3047 amitisto
1412 2987 1527 3062 ordinis
1541 2988 1586 3058 sui
1601 2983 1668 3058 locp

1160 3077 1363 3138 Distinctionis
1375 3077 1449 3136 iuris
1465 3075 1524 3135 illic
1542 3075 1633 3151 positi

1160 3166 1280 3225 itabant
1290 3168 1385 3228 lutura
1397 3167 1492 3247 gratie
1508 3165 1704 3243 signaepium

1161 3256 1248 3325 Quod
1260 3256 1317 3314 bec
1329 3256 1425 3333 figura
1437 3256 1611 3331 nuntiarent
1623 3258 1651 3329 te
1665 3256 1761 3334 Deum

1196 3344 1286 3404 cuius
1297 3345 1395 3420 dicalp
1410 3349 1633 3421 spcrpmaplum
1645 3344 1740 3425 gratie

1159 3435 1290 3492 'lentum
1304 3450 1358 3508 per
1372 3432 1498 3492 umbras
1517 3432 1691 3507 transiendo
1699 3432 1790 3509 secpli

1160 3523 1295 3581 Pervenit
1304 3523 1344 3581 ad
1358 3528 1385 3581 te
1395 3522 1535 3599 liberator
1544 3522 1657 3594 obtime

1162 3612 1260 3685 thue
1272 3610 1389 3691 [quem]
1403 3612 1499 3693 ligure
1511 3610 1708 3693 prpcinebaul
1722 3610 1833 3692 prislice

1108 3714 1111 3721 ·
1161 3697 1353 3773 completain
1372 3700 1523 3771 repetitas
1540 3699 1712 3775 ostenderet

1197 3787 1271 3844 ilinc
1283 3787 1352 3845 linis
1361 3788 1426 3863 ipse
1435 3788 1510 3861 legis
1523 3788 1561 3846 ad
1571 3788 1719 3863 iustitiam

1161 3876 1390 3935 Mundireatum
1410 3878 1583 3951 proximans
1598 3878 1754 3952 detergere

1162 3965 1285 4026 oblatus
1296 3967 1360 4041 ipse
1375 3970 1406 4043 tp
1420 3966 1539 4040 pblalcr
1554 3983 1737 4043 consecrans

1161 4054 1196 4112 in
1210 4055 1289 4113 Patri
1298 4072 1384 4124 aram
1398 4055 1587 4127 conlocutum
1601 4054 1756 4129 victimam

1161 4146 1222 4201 lico
1236 4148 1425 4221 sacrappepto
1438 4146 1587 4217 suscitans
1599 4145 1761 4217 ecclesiam

1196 4232 1289 4307 Caput
1302 4234 1350 4292 cui
1363 4232 1457 4296 iactus
1469 4236 1497 4297 el
1511 4234 1637 4296 ducator
1649 4234 1773 4314 previus

1159 4323 1256 4380 iluces
1268 4322 1300 4380 in
1313 4322 1395 4381 illam
1407 4322 1605 4399 presulesqpe
1619 4321 1783 4399 epplecpns

1122 4376 1146 4435 D
1160 4411 1294 4478 Quorum
1307 4414 1427 4488 regatur
1439 4410 1616 4484 instruenda
1632 4411 1753 4493 legibus

1160 4502 1196 4559 tlt
1209 4500 1326 4558 erudita
1334 4500 1430 4579 pratia
1442 4500 1615 4577 pubblicum

1159 4589 1256 4646 Vitare
1268 4588 1364 4662 possit
1373 4588 1487 4661 dampa
1504 4606 1574 4656 seva
1587 4590 1732 4665 mortium

1195 4678 1268 4735 ilinc
1280 4682 1429 4753 tecorona
1439 4677 1551 4738 Christe
1566 4678 1694 4755 iralrupp
1709 4674 1841 4755 postulat

1161 4767 1365 4825 successionis
1380 4768 1461 4839 clara
1474 4768 1564 4834 buius
1578 4770 1677 4843 grstia

1158 4853 1324 4913 Descendat
1336 4856 1496 4935 tubisque
1506 4856 1621 4930 tuturos
1633 4856 1754 4933 preligis

1158 4942 1214 5000 Uni
1226 4942 1366 5001 columba
1378 4944 1712 5025 pretercutlsprincipes

1155 5030 1346 5106 Apostolatua
1359 5032 1485 5106 gloriam
1499 5034 1547 5092 hls
1559 5033 1725 5093 conterens·

1459 5123 1503 5194 Asi
1514 5123 1707 5197 Matutiuum.

1154 5209 1313 5269 Adestdiei
1328 5210 1441 5275 Christe
1453 5214 1637 5276 consecratio

1152 5298 1279 5359 flanona
1295 5300 1335 5359 illi
1352 5299 1486 5361 suscitati
1495 5304 1670 5366 antestitem

1150 5388 1246 5446 Nostri
1255 5404 1381 5447 meursu
1393 5390 1534 5449 innovate
1546 5390 1687 5467 temporis

1150 5475 1299 5549 omnum
1312 5478 1361 5547 ret
1370 5478 1469 5552 emus
1484 5496 1645 5567 persanare
1659 5476 1798 5555 statuti
