4117 6175
877 252 1105 313 Bssuvteutlill
1125 248 1322 321 [intumuit.

359 425 363 434 ·
514 405 573 445 u·····
586 402 624 444 tu:
649 404 655 445 :
672 400 698 443 ei
715 388 897 442 habitatores
921 398 985 439 eius
999 382 1113 437 sicuti
1518 380 1562 436 xil

1337 487 1476 531 crunnus
1490 484 1577 525 estre
1594 482 1740 525 recreare.

1444 560 1582 613 t”uuituio
1596 562 1638 615 te.

1174 672 1180 695 i
1212 676 1237 707 u,
1259 658 1396 707 liurtuesi
1423 656 1503 706 sutus
1526 662 1587 703 meu
1603 656 1635 702 ut
1662 649 1758 703 t'ettt'tti
1788 652 1815 702 et
1837 650 1952 705 instilla

928 761 988 797 :wi
1010 764 1071 795 sinu
1131 760 1192 797 vireu
1206 752 1235 793 ut
1247 744 1396 796 reueletur
1415 748 1466 809 uui
1484 739 1631 793 Dociiuue.

1168 834 1305 886 iltecilieit
1324 830 1475 892 Dominus,
1497 826 1644 883 custodite
1664 824 1806 881 iudicium
1822 828 1851 881 et
1866 824 1951 881 {acite

287 934 379 982 nuum
400 944 417 981 u
432 948 499 979 uere
514 960 517 968 ·
535 930 711 980 inuolutum
728 924 884 979 bominum
900 938 908 977 :
924 929 952 976 et
966 920 1062 976 blasie
1130 920 1270 975 iustitiam
1289 937 1294 973 :
1312 919 1384 991 quia
1405 921 1487 973 iuxta
1499 921 1543 972 est
1557 914 1637 971 salus
1660 929 1729 971 ιιιθιι
1743 919 1775 970 ιιι
1800 915 1906 971 venlut
1927 914 1954 969 ei

252 1018 328 1071 miae
343 1032 445 1071 cortem
461 1032 498 1070 ns
513 1015 662 1069 metuatis.
1131 1007 1243 1065 iustitia
1256 1022 1323 1063 mea
1335 1010 1366 1063 ut
1380 1005 1535 1062 reveletur.

287 1106 455 1161 sicutenim
470 1104 681 1159 vestimentum
688 1102 729 1157 sic
738 1100 875 1157 comedet
883 1114 935 1156 eos
945 1098 1077 1156 vermis:
1168 1098 1273 1152 Beatus
1288 1095 1335 1151 vir
1349 1093 1554 1168 quiiaeitboe:
1571 1094 1599 1150 et
1611 1085 1824 1149 liliushcminis
1837 1087 1897 1165 qui
1908 1089 1957 1147 ed·

254 1196 284 1250 ct
298 1192 375 1249 sicut
391 1192 494 1249 lencm
504 1189 549 1247 sle
561 1189 719 1248 devorabit
731 1206 784 1246 eos
797 1189 887 1246 tinea.
1133 1183 1292 1258 prehendit
1301 1182 1391 1241 istud.

287 1281 483 1340 Sulussntem
493 1294 562 1337 mee
575 1278 835 1352 insempiternum
848 1275 1080 1335 erittetiustitie
1169 1272 1343 1331 custodiens
1368 1270 1529 1330 sabbatum
1550 1280 1592 1327 ne
1614 1269 1730 1344 polluet
1755 1266 1837 1327 illuit
1862 1270 1960 1325 custu-

255 1386 324 1428 mea
338 1371 370 1427 in
382 1370 573 1443 generatione
586 1372 616 1425 et
630 1367 830 1438 generatione.
1134 1362 1220 1421 diens
1234 1377 1343 1419 manus
1358 1377 1428 1418 suas
1444 1377 1481 1419 nc
1493 1360 1583 1419 iaciat
1610 1372 1732 1417 omnem
1745 1358 1868 1415 malum.

249 1460 443 1529 ‹sconsurge
453 1472 601 1528 consurge
616 1456 743 1512 induere
757 1454 930 1511 fortitudine
943 1453 1080 1511 bracium
1170 1454 1274 1509 utnon
1286 1450 1366 1509 dicat
1379 1449 1459 1507 flllus
1473 1450 1585 1508 advene
1600 1449 1653 1521 qui
1665 1449 1766 1507 aderet
1776 1447 1908 1505 Domino
1920 1446 1959 1503 di·

251 1548 386 1605 Domini:
400 1562 550 1616 consurge
569 1546 647 1602 sieut
662 1545 694 1601 in
713 1542 820 1600 diebus
834 1543 966 1615 antiquis
986 1543 1016 1599 in
1029 1558 1080 1615 ge·
1135 1554 1205 1599 cens
1222 1559 1228 1598 :
1243 1538 1582 1614 separationemdlvidet
1600 1538 1799 1596 meDominus
1813 1534 1960 1610 apopulo

251 1636 455 1695 neretionibus
469 1634 653 1691 seculorum.
1136 1647 1202 1689 suo.

285 1724 438 1796 Numquid
460 1738 522 1780 non
548 1726 581 1779 tu
598 1720 757 1794 percusisti
773 1734 955 1793 supervum:
975 1720 1079 1779 vulne·
1097 1728 1120 1787 13
1170 1718 1203 1778 Et
1216 1736 1278 1779 nen
1292 1719 1372 1776 dicet
1382 1732 1527 1789 eunucus,
1542 1732 1610 1775 ecee
1626 1732 1682 1789 ego
1695 1714 1959 1788 lignumuridum:

252 1812 324 1871 rasti
334 1811 527 1869 draconem?
1133 1810 1206 1884 quia
1219 1810 1275 1866 beo
1285 1808 1508 1866 dieitDominus
1521 1807 1655 1865 eunucis.

285 1899 438 1974 Numquid
450 1912 512 1957 non
521 1902 556 1957 tu
569 1898 725 1956 exsiccasti
736 1912 819 1955 mare
830 1915 837 1954 ι
850 1912 963 1971 uquam
974 1898 1078 1972 ubyssi
1170 1899 1226 1965 Qui
1238 1897 1435 1955 custodierint
1449 1896 1578 1953 sabbeta
1605 1911 1674 1953 mea
1691 1897 1720 1952 et
1738 1894 1884 1966 elegerint
1901 1909 1959 1967 que

250 1991 423 2049 veementis.
1132 1987 1214 2045 volni
1228 1992 1256 2045 et
1266 1986 1413 2044 tenuerint
1426 1983 1512 2042 fedus
1523 2000 1625 2042 meum
1638 2002 1643 2041 :
1657 1982 1738 2042 dabo
1756 1984 1796 2041 eis
1810 1984 1839 2040 in
1865 1985 1958 2043 domo

285 2078 342 2146 Qui
352 2078 478 2151 posuisti
498 2076 684 2151 profundum
698 2076 791 2134 maris
804 2076 888 2133 viam
904 2091 912 2132 ι
926 2079 958 2134 ut
973 2078 1078 2134 transi·
1132 2091 1201 2134 mee
1215 2080 1243 2133 et
1254 2076 1285 2133 in
1300 2075 1395 2132 muris
1421 2074 1496 2132 meis
1513 2075 1614 2132 locum
1627 2076 1655 2132 ct
1681 2084 1790 2131 nomen
1817 2074 1959 2131 meliust

249 2173 316 2226 rent
325 2167 455 2225 liberati.
1132 2160 1960 2239 lillisetafiliabusnomensempltemumdnboelsquod

285 2257 469 2330 litnuncqni
480 2255 607 2314 redemti
617 2259 686 2313 sunt
702 2255 855 2313 aDomino
868 2257 1078 2312 convertentm
1132 2252 1321 2327 nonperibit.

162 2352 166 2358 ’
250 2350 279 2404 et
290 2346 410 2403 venient
421 2346 452 2403 iu
467 2347 548 2419 syon
562 2345 719 2402 laudentes
733 2362 739 2401 :
751 2348 780 2401 et
789 2344 881 2401 letitie
895 2344 1077 2416 sempiterna
1167 2342 1283 2400 litfilius
1289 2342 1404 2401 advene
1413 2343 1467 2415 qui
1476 2340 1709 2401 aderstDcmlnc
1717 2344 1750 2399 ut
1763 2338 1940 2400 colunlenm
1952 2350 1959 2393 ι

252 2450 343 2509 super
352 2436 451 2508 capita
463 2448 577 2491 corum.
1131 2432 1221 2505 etqui
1233 2432 1360 2502 diligunt
1369 2432 1553 2489 numenelus
1563 2434 1595 2489 ut
1606 2432 1665 2488 sint
1679 2434 1706 2487 ct
1719 2430 1749 2487 in
1768 2444 1886 2491 servos.

286 2526 435 2583 Gaudium
449 2529 478 2582 et
488 2525 612 2582 letitiam
625 2522 805 2582 obtinebunt
818 2538 826 2580 ι
843 2526 872 2582 οι
889 2522 982 2595 lugiet
991 2522 1078 2582 dolor
1167 2522 1289 2578 Omnem
1297 2520 1515 2578 custodientem
1522 2520 1680 2577 sabbatum
1690 2534 1727 2576 nc
1740 2520 1842 2593 poluet
1855 2516 1923 2575 iDui
1932 2517 1959 2575 θι

251 2615 426 2687 etgemitus.
1131 2608 1733 2671 tenentesiedusmeumredducameosin
1745 2608 1957 2665 montesancto

286 2704 378 2783 [xxix]
388 2702 827 2778 Egoegclpseccnsolubcrvcs
843 2704 1075 2778 :alecminus.
1132 2703 1239 2757 meoet
1251 2697 1400 2757 letificabo
1415 2714 1467 2756 cos
1481 2698 1513 2756 in
1528 2699 1616 2757 domu
1634 2696 1776 2757 cretionis
1789 2709 1866 2756 mee.

639 2794 683 2855 iil.
1167 2787 1347 2847 Holocausta
1360 2804 1465 2845 eorum
1480 2792 1507 2845 st
1528 2788 1647 2845 victime
1670 2801 1768 2844 eorum
1794 2785 1955 2861 placebunt

455 2885 590 2942 sauricen
607 2900 695 2941 usare
715 2900 871 2941 recessere.
1131 2875 1479 2949 miclsuperclterimec:
1496 2873 1757 2950 quiadomusmee
1768 2874 1877 2933 domus
1891 2888 1955 2933 ora·

559 2974 702 3045 Cupitutc
721 2978 765 3030 et.
1131 2966 1222 3024 tionis
1230 2966 1387 3024 vocabitur
1397 2968 1512 3024 eunctis
1524 2966 1646 3041 populis
1664 2970 1716 3039 ayt
1728 2966 1866 3023 Dominus
1878 2964 1956 3024 Deus

284 3067 360 3119 Ana.
379 3062 585 3132 Quamputm·
605 3076 696 3132 super
713 3066 825 3120 montes
849 3061 934 3133 pedes
961 3062 1077 3120 uduuu·
1092 3093 1113 3151 G
1131 3057 1185 3131 qui
1199 3060 1361 3129 congregat
1375 3055 1528 3132 dispersos
1542 3052 1654 3115 srahel.

251 3150 355 3209 tiontis
365 3165 479 3223 poesin,
486 3149 673 3221 predicantis
681 3152 808 3208 satutem
824 3151 946 3211 dicentis
958 3153 1077 3224 equciit
1515 3145 1583 3202 lllll.

250 3239 395 3297 Dominus
404 3240 482 3297 Deus
493 3246 571 3297 tuus,
1345 3249 1480 3294 οιιιτιοιιιι
1491 3249 1578 3292 selva
1588 3245 1742 3292 ruornrra.

285 3329 438 3401 consurge
453 3341 600 3401 consurge
607 3327 732 3386 inducre
741 3326 970 3387 tortitudinetue
977 3331 1075 3402 syon:
1453 3324 1587 3394 capituto
1608 3323 1655 3381 62.

249 3416 352 3477 indere
365 3416 516 3494 [induere]
528 3417 713 3477 vestimentis
729 3417 820 3490 glorie
831 3421 880 3478 tue
895 3417 1077 3477 iherusalem
1166 3415 1241 3471 ine.
1256 3412 1349 3470 Dicite
1361 3413 1424 3482 titis
1435 3413 1516 3484 sucu
1530 3425 1607 3471 :ecce
1624 3411 1758 3470 saltator
1770 3417 1838 3470 tuus
1865 3417 1953 3470 venit.

250 3508 354 3566 civitas
371 3512 485 3566 sancte.
1166 3501 1278 3560 iurabit
1292 3503 1435 3559 Dominus
1454 3501 1485 3559 in
1514 3501 1634 3559 dextera
1657 3517 1731 3563 sua:
1746 3506 1774 3560 et
1798 3501 1828 3560 ln
1850 3501 1952 3560 bracio

287 3595 364 3662 onia
377 3610 439 3654 non
453 3595 563 3656 sdieiet
580 3597 658 3654 ultra
672 3599 705 3654 ut
716 3597 901 3670 pertranseat
924 3609 978 3668 per
988 3597 1016 3653 te
1030 3594 1076 3653 in·
1129 3589 1311 3649 fortitudinis
1334 3605 1400 3647 sue.

249 3684 443 3742 circumcisus
469 3688 499 3742 et
520 3684 718 3743 immundus:
734 3689 871 3742 excutere
895 3683 933 3742 de
952 3683 1074 3758 pulvere
1166 3679 1195 3736 Si
1205 3678 1316 3736 dedero
1339 3679 1480 3736 tritticum
1501 3679 1677 3737 tuumultra
1691 3679 1793 3737 cibum
1820 3677 1947 3736 inimicis

249 3785 395 3843 consurge
418 3774 486 3830 sede
509 3771 701 3844 Hierusalem,
716 3771 801 3832 solbe
813 3773 932 3831 vincula
950 3771 1017 3832 cossi
1033 3774 1074 3832 tui
1128 3767 1187 3824 tuls
1204 3773 1253 3824 :et
1266 3770 1292 3824 si
1305 3765 1436 3825 biberint
1450 3767 1503 3824 illii
1514 3767 1603 3826 alieni
1618 3768 1717 3826 vinum
1738 3771 1823 3827 tuum
1837 3767 1868 3826 in
1891 3783 1950 3842 quo

248 3860 369 3932 captiba
382 3859 540 3932 uliasyon.
1128 3856 1321 3916 tulaborasti.

283 3948 360 4014 Qiria
369 3945 433 4005 brec
448 3947 518 4005 dicit
525 3949 678 4016 Dominus,
693 3951 783 4022 gretb
793 3949 967 4008 venumdati
978 3951 1049 4008 estis
1065 3969 1071 4008 ι
1163 3947 1240 4015 Quia
1249 3948 1302 4021 qui
1315 3945 1541 4019 congregabunt
1557 3945 1621 4006 illut
1635 3947 1794 4007 comedent
1808 3949 1837 4007 et
1846 3945 1946 4006 lauda-

249 4041 277 4094 οι
296 4037 359 4095 sine
371 4041 496 4110 argento
510 4037 709 4097 redimemini.
1126 4036 1203 4094 bunt
1213 4037 1374 4094 Dominum
1389 4053 1395 4089 ε
1407 4037 1436 4093 οι
1450 4036 1502 4109 qui
1514 4037 1702 4110 comportant
1721 4035 1786 4094 illut
1796 4035 1894 4094 vibent
1916 4033 1946 4090 in

282 4127 358 4191 Quin
372 4127 429 4183 bec
442 4127 513 4184 dicit
520 4127 664 4185 Dominus
673 4127 763 4194 Deus,
777 4126 810 4182 in
825 4128 941 4199 Egypto
950 4127 1073 4186 descen·
1127 4125 1209 4184 atriis
1229 4125 1340 4184 sanctis
1351 4125 1437 4183 meis.

245 4213 290 4271 dit
303 4214 433 4286 populus
446 4231 530 4272 meus
544 4215 576 4272 in
585 4215 732 4287 principio
744 4219 777 4271 ut
784 4214 907 4272 colonus
922 4221 1001 4273 esset
1010 4216 1071 4278 ibi:
1161 4215 1436 4280 transrenensis,
1450 4219 1619 4288 perportas,
1631 4219 1790 4288 preparate
1802 4213 1878 4272 viam
1891 4227 1943 4286 pe

245 4306 275 4357 et
288 4304 380 4359 Assm
393 4302 508 4375 absque
520 4301 582 4360 ulla
604 4318 697 4359 causa
712 4301 911 4360 calumniatus
933 4309 979 4362 θοι
990 4321 1070 4362 θοιιι.
1126 4301 1198 4377 pulo
1214 4317 1282 4360 meo
1301 4320 1307 4359 z
1324 4303 1449 4376 planum
1460 4299 1546 4361 tacite
1565 4304 1661 4361 iteret
1675 4305 1772 4376 eligite
1789 4298 1909 4377 lapides.

280 4392 314 4445 lit
333 4405 415 4448 nunc
430 4409 437 4447 :
451 4391 525 4465 quid
536 4392 606 4448 mici
619 4390 664 4447 esi
675 4388 731 4448 heo
741 4391 812 4449 dicit
830 4392 985 4464 Dominus,
996 4411 1073 4468 quo-
1163 4391 1279 4449 Elcvaie
1289 4391 1455 4463 signumad
1463 4391 1592 4465 populos
1608 4411 1614 4449 ι
1628 4408 1696 4449 οοθο
1708 4393 1850 4450 Dominus
1865 4389 1947 4448 audi-

243 4477 327 4534 niam
342 4477 458 4536 ablatus
469 4482 515 4537 esi
525 4479 656 4554 populus
671 4495 756 4536 meus
769 4481 874 4552 gratis.
1087 4446 1110 4503 D
1128 4484 1190 4538 tum
1205 4481 1272 4537 iecit
1284 4481 1324 4538 ab
1343 4481 1482 4538 extremis
1511 4485 1595 4538 terre.

278 4565 486 4626 Dominatcres
497 4569 667 4642 elusinique
679 4575 772 4639 agunt
783 4569 854 4626 dicit
865 4570 1009 4627 Dominus
1023 4587 1030 4625 ι
1044 4575 1072 4630 οι
1162 4569 1252 4626 Dicite
1267 4569 1326 4626 lille
1342 4571 1423 4642 Sycn
1443 4585 1511 4627 ecce
1522 4570 1657 4628 Salvator
1684 4573 1754 4626 tuus
1766 4571 1846 4628 venit
1858 4587 1865 4624 ι
1878 4583 1943 4625 θοοθ

242 4654 349 4727 iugiter
364 4658 427 4714 tota
439 4657 487 4714 die
500 4670 611 4716 nomen
625 4673 728 4715 mcum
738 4657 944 4716 blasfematur.
1125 4673 1240 4716 merces
1254 4658 1317 4716 eius
1332 4675 1401 4715 cum
1411 4673 1447 4715 eo
1462 4662 1490 4716 et
1511 4675 1587 4732 opus
1600 4654 1679 4715 illius
1700 4674 1804 4717 coram
1817 4660 1889 4734 ipsc.

277 4745 399 4818 Propter
412 4745 470 4805 boc
485 4747 558 4806 sciet
577 4748 710 4821 populus
725 4763 812 4805 meus
836 4761 949 4806 nomen
963 4763 1067 4806 meum
1160 4745 1355 4804 revocabunt
1374 4763 1425 4804 eos
1448 4745 1579 4821 populus
1593 4749 1716 4806 sanctus
1737 4751 1765 4805 et
1789 4743 1941 4806 redemtis

241 4833 274 4890 in
292 4833 341 4891 die
355 4833 406 4894 illc
419 4856 426 4892 ε
439 4835 514 4910 quia
528 4851 585 4908 ego
600 4836 663 4912 ipse
680 4853 687 4893 :
703 4836 775 4910 qula
798 4851 854 4908 ego
870 4838 935 4910 ipse
950 4838 1003 4910 qni
1028 4833 1071 4894 lo·
1126 4837 1269 4894 Domino:
1284 4840 1315 4893 tu
1330 4841 1429 4894 autem
1444 4837 1601 4894 vocaberis
1627 4837 1732 4896 civitas
1761 4835 1939 4912 quesliunon

240 4922 437 4994 quebereccc
456 4925 577 4983 adsum.
1126 4923 1274 4984 derelicta.

275 5009 373 5076 Quam
386 5013 481 5086 pulcri
496 5028 585 5089 super
597 5021 715 5072 montes
727 5015 821 5088 pedes
834 5011 1072 5086 evangelizantis
1501 5017 1566 5071 lllv.

240 5102 270 5157 θι
282 5101 474 5172 predicantis
485 5117 591 5176 pacem
611 5123 619 5160 ι
635 5102 840 5162 adnuntiantis
865 5102 980 5160 bonum
994 5116 1069 5176 prte-
1215 5117 1355 5160 eluuntur
1367 5117 1404 5158 nx
1418 5117 1585 5160 cvluosuco
1600 5112 1743 5160 succubuit
1756 5117 1854 5160 suctu.

240 5188 366 5246 dicentis
380 5189 509 5249 salutem
523 5191 648 5250 dicentis
663 5193 755 5265 Syon,
774 5191 1067 5265 regnabitDominus
1429 5193 1578 5262 capitulo.
1594 5197 1622 5248 l.

238 5277 317 5335 Deus
328 5283 406 5335 tuus.
1161 5281 1938 5354 iusseritmicirnaquaquipcteusestetscnetumncmen

271 5365 334 5421 Vox
348 5367 571 5439 speculatorum
583 5372 704 5424 tuorum
716 5367 892 5428 lebaberunt
905 5384 1009 5428 vocem
1020 5371 1073 5427 sit
1125 5369 1407 5428 eiuseimt'sericordic
1413 5369 1471 5426 eius
1478 5372 1591 5426 tuomet
1594 5373 1725 5442 progenie
1731 5375 1756 5426 et
1761 5368 1937 5443 perseeutione.

237 5454 301 5509 mul
314 5455 483 5513 laudabunt
499 5456 589 5531 :quia
598 5456 721 5514 oculum
735 5457 775 5514 ad
785 5460 907 5518 oculum
923 5459 1060 5518 videbun
1160 5459 1326 5528 ltagnillcat
1340 5459 1440 5516 anima
1464 5473 1533 5516 mee
1553 5457 1716 5516 Dominum
1733 5463 1779 5516 :et
1804 5452 1936 5516 exultabit

234 5554 331 5612 quum
346 5546 522 5603 converterit
533 5541 677 5603 Dominus
686 5547 778 5620 Syon.
1124 5546 1244 5638 spiritus
1255 5563 1339 5605 meus
1348 5547 1378 5606 in
1391 5549 1451 5606 Dec
1465 5547 1587 5606 salutari
1598 5561 1676 5609 meo.
