4117 6175
244 226 294 284 031
868 212 1097 272 BREVlARlUbl
1117 212 1314 272 GOTlllGliil.
1899 212 1951 267 dat

245 355 275 409 et
287 348 369 410 dabo
382 347 425 406 illi
440 346 558 405 stellam
568 344 762 403 matutinam.
782 340 838 409 Qui
852 338 944 399 babet
956 354 1074 412 aurem,
1088 338 1112 396 Α
1128 336 1236 397 mahus
1251 338 1362 396 uostris
1375 336 1520 395 invictum
1529 334 1568 393 de
1583 338 1634 393 tua
1648 334 1865 393 resurrectione
1880 324 1954 392 sola*

248 436 350 495 audiat
362 434 437 510 quid
459 433 586 507 Spiritus
601 432 680 489 dieat
693 429 839 487 Ecclesiis.
855 441 888 499 lt.
908 432 1015 485 lmen.

282 526 426 598 Hymnus.
455 521 506 581 llic
528 525 576 579 est
603 520 679 577 dies.
718 519 918 589 supplicatio.
947 517 1074 579 Oramus

247 614 378 685 scidit.

286 702 435 773 capitula.
447 700 548 758 lucidi
559 696 750 757 exortusdiei
762 694 859 770 quinti
876 693 1076 767 primordium

249 794 432 858 contuentes,
447 788 480 846 in
491 804 553 866 quo
565 787 702 846 sisarum
714 783 832 859 reptilia
849 782 1032 852 ammarum,
1047 788 1077 840 et

249 877 432 950 volatilium,
453 880 530 935 Deus
539 880 652 948 noster,
666 874 798 932 lormare
823 871 965 943 dignatus
984 886 1027 941 es,
1049 874 1076 928 te

250 967 418 1041 poscimus,
432 970 521 1042 teque
536 966 813 1037 rogamus,utqucs
827 960 1078 1021 viridoansreno·

252 1057 329 1115 rasti
341 1055 530 1131 Baptismstis
540 1054 633 1120 unda,
649 1068 706 1112 nos
728 1048 937 1111 resuscitando
956 1048 1076 1123 avitiis,

251 1145 408 1219 pertrahas
422 1144 462 1202 ad
477 1158 625 1218 superna3
637 1141 725 1216 etqui
746 1145 774 1200 te
797 1139 886 1198 valde
908 1138 1041 1197 diluculo
1060 1152 1080 1197 a

254 1234 380 1293 mortuis
394 1233 589 1290 resurrexisse
611 1230 790 1303 gaudemus,
818 1243 875 1286 nos
897 1243 1016 1302 semper
1040 1226 1080 1285 ad

197 1319 200 1324 ’
255 1321 534 1381 coelestiaevolasse
555 1318 780 1379 rerurrectionis
798 1322 859 1374 tua
873 1331 997 1373 munere
1013 1330 1081 1390 gra·

256 1410 395 1471 tulemur.

291 1498 381 1555 Pater
397 1501 508 1555 noster.
523 1494 651 1553 liberati
662 1510 681 1553 a
692 1494 783 1553 malo.
796 1492 853 1563 sol.
864 1496 892 1549 2.

290 1586 407 1645 touta
422 1585 553 1643 Surrexit
573 1582 705 1641 Christus
720 1598 739 1643 a
754 1583 881 1641 mortuis
895 1580 1031 1639 Alleluia.
1049 1584 1080 1639 P.

1129 426 1202 484 tium
1216 444 1223 483 ι
1237 430 1271 484 ut
1284 442 1337 500 per
1350 430 1377 482 te
1386 424 1520 482 renovati
1530 438 1725 493 resurgamus
1752 422 1793 481 ad
1815 422 1951 495 gloriam,

1127 532 1179 589 per
1191 530 1281 588 quem
1300 514 1465 585 regenerati
1478 528 1583 569 sumus
1592 512 1631 569 ad
1642 512 1745 568 sitam.

1164 606 1248 662 Pater
1260 609 1368 661 noster.
1391 602 1549 659 Liberalia
1567 600 1658 658 malo.
1676 602 1732 673 sol.
1747 604 1774 657 Ρ.

1164 692 1346 751 Benedictio.
1355 691 1463 757 Gratia,
1473 705 1594 765 quavos
1601 688 1752 763 perfidem
1761 688 1879 747 Ghristo
1886 705 1954 746 con·

1129 780 1260 855 sepultos
1268 796 1333 839 esse
1342 778 1648 851 gaudetis,mortificet
1660 794 1712 835 sos
1720 777 1954 835 abomnioonta-

1130 869 1449 945 gioneiniquitatisut.
1463 872 1567 925 Amen.
1591 868 1625 924 Et
1651 866 1702 941 qui
1732 866 1955 924 resurrectionis

1129 958 1325 1030 illiusgaudia
1338 962 1399 1015 toto
1413 954 1549 1014 dilatavi
1559 956 1591 1013 in
1606 953 1731 1025 mundo,
1747 954 1956 1014 sanctificatio·

1131 1061 1201 1105 nem
1207 1044 1417 1105 omnimodam
1430 1044 1567 1103 exhibeat
1584 1044 1667 1102 cordi
1679 1046 1777 1103 vestro
1788 1060 1796 1100 r
1806 1054 1839 1116 g.
1851 1048 1955 1102 Amen.

1132 1136 1168 1193 Ut
1177 1134 1228 1209 qui
1240 1134 1324 1193 illum
1338 1133 1492 1192 suscitavit
1506 1132 1667 1203 amortuis,
1680 1148 1732 1190 ros
1743 1148 1867 1209 quoque
1879 1148 1957 1191 resu-

1133 1223 1218 1281 scitet
1231 1223 1269 1281 ad
1290 1222 1417 1296 gloriam
1429 1222 1956 1293 aeternaremunerationisuatnren.

1170 1314 1222 1371 Per
1234 1312 1483 1371 misericordiam.

1169 1402 1286 1460 Loudu.
1302 1400 1418 1459 Gratias
1425 1400 1553 1475 Deo‚qui
1563 1398 1646 1457 dedit
1656 1398 1739 1457 uobis
1749 1400 1914 1459 notoriam.
1927 1401 1957 1459 P.

1133 1490 1189 1548 Per
1200 1489 1360 1548 Dominum
1373 1494 1511 1548 nostrum
1535 1491 1635 1546 lesum
1651 1488 1810 1547 Christum.
1824 1488 1957 1559 Alleluia,

1134 1578 1263 1637 alleluia.
1290 1578 1323 1642 Ρ.
1353 1581 1474 1637 canuto
1495 1576 1624 1635 Domino
1650 1578 1801 1636 cenicum
1825 1594 1957 1637 novum:

254 1673 446 1745 Pergioriam
456 1672 561 1730 Patris.
573 1671 707 1739 Alleluia,
735 1670 866 1729 alleluia.
893 1669 925 1732 Ρ.
958 1672 1082 1729 Cantate
1096 1686 1118 1744 g
1134 1668 1207 1741 quia
1217 1666 1366 1726 mirabilia
1377 1666 1453 1724 lecit.
1473 1666 1506 1722 P.
1521 1667 1576 1725 Per
1600 1664 1773 1724 Dominum.
1788 1665 1820 1730 Ρ.
1850 1665 1958 1733 Gloria.

254 1762 383 1837 Domino
395 1761 544 1821 cenicum
556 1777 671 1821 novum
682 1760 775 1835 :quia
784 1759 934 1818 mirabilia
947 1758 1030 1818 lecit.
1046 1759 1081 1818 P.

253 1853 309 1910 Per
322 1851 460 1929 gloriam.
488 1850 520 1913 Ρ.
538 1851 647 1924 Gloria,
679 1854 708 1908 et
729 1849 838 1909 bonor.
870 1848 905 1909 P.
934 1848 990 1906 Per
1019 1846 1083 1921 glo-

253 1956 342 1999 nam.

289 2027 471 2087 Benedictio.
486 2028 579 2085 verus
589 2026 642 2085 Dei
653 2030 766 2101 Agnus.
778 2025 837 2097 sol.
854 2028 918 2083 ³77.

289 2120 322 2173 tn
337 2116 453 2175 nomini
473 2116 601 2173 Domini.

552 2203 602 2261 Ad
618 2204 782 2273 Varamos.

291 2292 408 2351 amco.
418 2290 626 2350 laudaverunt
640 2296 670 2349 ta
682 2290 817 2350 Domine.
832 2290 872 2349 Et
883 2289 996 2351 Oratio.
1010 2292 1083 2351 Lau·

257 2380 369 2439 danlte
382 2379 518 2439 Domine.
530 2380 589 2451 [cl.
602 2384 665 2436 att.

292 2470 384 2527 Souc.
399 2471 510 2528 Omnes
525 2473 627 2543 gentm
639 2467 774 2546 plaudite
794 2466 1084 2541 manibus21ubilate

258 2559 329 2619 Deo.
346 2559 437 2633 379
447 2558 479 2615 Ρ.
493 2561 526 2618 ln
547 2573 621 2617 voce
648 2556 853 2618 exultationis.
888 2556 1024 2618 anetus
1049 2557 1083 2621 Ρ.

257 2646 374 2706 PsaDite
389 2649 450 2706 Dec
460 2652 575 2717 nostro,
584 2646 702 2721 psallite
717 2645 853 2721 :psallite
870 2646 941 2718 ltegi
968 2650 1082 2719 norbo,

256 2736 384 2810 psallite.
401 2736 550 2804 Quoniam
562 2751 614 2797 rex
632 2737 733 2796 omnis
747 2742 833 2796 terras
844 2734 1078 2809 Deusrpsallitc.

256 2824 291 2884 P.
306 2826 339 2883 ln
354 2840 436 2883 voce.

292 2913 440 2975 Dominus
453 2912 501 2971 sit.
517 2924 549 2987 a.
565 2915 600 2970 lit
613 2928 695 2973 cum.

291 3000 532 3072 cetetonem
545 3000 756 3058 manumortis
776 2999 925 3061 liberabo:
937 2999 1082 3059 demorte
1098 3042 1118 3101 c

255 3089 526 3170 redimamillosP.
538 3090 596 3148 Ero
603 3106 686 3147 mors
700 3095 751 3148 tua
763 3106 782 3147 o
795 3106 878 3158 mors
888 3107 895 3158 ;
904 3105 1083 3148 eromorsus

254 3177 463 3246 tausiniano.
473 3177 505 3241 Ρ.
520 3177 640 3250 Propter
650 3177 787 3236 miserias
798 3179 938 3251 inopum,
952 3178 1083 3250 etgemi-

257 3271 322 3324 tum
335 3277 514 3341 pauperum,
526 3282 608 3325 nuno
619 3265 849 3339 exurgam,dicit
859 3266 1015 3326 Dominus.
1029 3267 1084 3325 Po·

257 3371 329 3414 nam
342 3357 374 3414 ln
388 3355 511 3414 salutari
525 3371 594 3416 meo
603 3356 796 3415 :fiducialiter
817 3370 910 3430 agam
925 3355 957 3413 in
980 3371 1027 3413 eo.
1051 3359 1083 3415 Ρ.

258 3447 315 3504 liro
327 3462 409 3506 mors
423 3450 485 3505 tua.
496 3443 528 3508 t.
542 3445 651 3518 Gloria,
666 3450 695 3504 et
705 3444 812 3505 honor.
826 3448 856 3502 Ρ.
874 3445 930 3502 liro
952 3459 1047 3502 mors.

294 3535 439 3594 Dominus
454 3535 501 3592 sit.
518 3545 551 3607 ιι.
563 3540 669 3593 Amen.

295 3623 410 3681 Meda.
427 3626 460 3679 lu
469 3629 568 3682 mente
580 3623 690 3683 habete
702 3623 894 3691 diemislum,
907 3621 939 3680 in
949 3637 1011 3696 quo
1025 3621 1086 3680 exi·

257 3710 296 3768 tis
310 3710 348 3769 de
365 3713 502 3785 AEgypto.
514 3711 547 3770 P.
561 3713 668 3772 tlensis
688 3727 838 3771 novorum
859 3715 904 3770 est
926 3710 1086 3769 isteroele-

259 3796 342 3858 brata
356 3799 470 3857 Pascha
486 3800 624 3858 Domino.
647 3800 786 3859 Alleluia.
812 3800 845 3864 Ρ.
874 3801 987 3859 Sumite
1007 3799 1086 3874 psal-

257 3903 354 3957 mum,
370 3891 399 3944 et
415 3887 483 3944 date
511 3888 893 3962 tympanumrpsalterium
915 3888 1085 3961 jocundum

255 3991 326 4034 cum
335 3975 460 4034 athara.
475 3978 506 4034 Ρ.
521 3977 629 4034 Densis
644 3991 801 4036 novorum.
814 3976 848 4040 Ρ.
864 3976 963 4036 Gloria
986 3981 1014 4034 ct
1030 3976 1085 4036 ho·

256 4081 325 4125 nor.
339 4068 371 4123 Ρ.
382 4065 489 4124 iterus
503 4079 664 4124 novorum.

289 4154 435 4213 Dominus
444 4155 491 4213 sit.
517 4165 550 4231 tp.
564 4157 597 4215 Et
609 4169 691 4213 cum.

291 4243 478 4303 Lcudc.Vidi
487 4246 607 4304 turbam
618 4241 801 4317 unguerem
808 4242 974 4301 multorum
986 4241 1019 4300 in
1026 4257 1084 4300 cos·

257 4422 361 4496 dgnus
371 4423 509 4498 accipere
522 4422 738 4494 tortitudinem,
751 4426 780 4480 et
796 4421 933 4494 gloriam,
948 4426 977 4479 et
993 4421 1085 4480 hono

258 4528 334 4572 rem.
347 4515 496 4572 litomnes
509 4513 747 4572 audiridieentas
758 4510 901 4570 isedeuti
919 4512 951 4568 in
964 4510 1084 4580 throno,

259 4608 289 4663 et
301 4604 423 4674 liguoP.
443 4601 622 4672 Benedictio,
638 4606 668 4658 et
679 4601 785 4670 honor,
801 4603 831 4658 et
844 4599 948 4673 gloria,
963 4604 992 4657 et
1003 4604 1086 4674 pota.

259 4691 610 4759 slastlleluiamlleluia.
623 4690 655 4754 Ρ.
671 4693 795 4762 llagnus
805 4689 962 4761 Dominus,
979 4693 1008 4746 et
1022 4687 1086 4746 lau·

257 4780 368 4842 dabilis
377 4781 468 4839 nimis
478 4796 485 4839 :
496 4785 526 4838 et
537 4778 821 4852 magniludinisejus
829 4782 944 4837 nonest
956 4776 1036 4834 fluis.
1052 4779 1082 4834 P.

256 4871 431 4930 mamete.
450 4869 482 4933 Ρ.
495 4867 606 4938 Gloria,
620 4874 649 4926 et
661 4870 768 4929 bonor.
785 4869 818 4926 P.
846 4867 1023 4926 Benedictio.

251 5029 256 5036 ι
288 4959 442 5031 Hymnus.
461 4959 514 5016 llic
541 4963 587 5015 est
612 4957 692 5018 dies.
724 4957 921 5032 Suppliectio.
945 4956 1081 5014 oremus.

1135 1760 1164 1814 al
1176 1756 1284 1815 bonor.
1299 1756 1330 1814 P.
1346 1756 1411 1813 Per.

1172 1846 1284 1903 Oratio.
1302 1846 1358 1903 Pac
1371 1859 1437 1912 nos,
1452 1845 1531 1901 Deus
1545 1842 1693 1907 Palantia
1711 1842 1763 1901 tibi
1775 1842 1963 1915 basilicam,

1137 1935 1248 2008 atejus
1261 1939 1377 1992 lantum
1393 1934 1498 2001 simus,
1514 1948 1607 2006 quem
1617 1947 1654 1991 ex
1668 1932 1793 1991 mortuis
1813 1934 1962 1991 suscitasti

1136 2024 1248 2083 Christe
1262 2022 1373 2081 scilicet
1383 2020 1961 2096 Piliitni:quo,suseitaudouostandem

1136 2112 1175 2171 de
1188 2111 1266 2171 vitiis
1281 2112 1320 2169 ad
1336 2110 1642 2184 virtutemperreuire
1655 2125 1712 2169 nos
1726 2110 1822 2169 iacias
1836 2111 1965 2169 adaur-

1136 2216 1209 2259 nam
1224 2199 1432 2258 hereditatem.
1449 2210 1481 2273 lp.
1494 2202 1599 2257 Amen.

1172 2291 1226 2346 Per
1241 2288 1489 2345 misericordiam.

1172 2380 1206 2436 tu
1219 2376 1342 2436 nomine
1356 2376 1483 2434 Domini.

1452 2480 1533 2521 raam
1548 2480 1649 2521 serra.

1423 2552 1471 2611 Ad
1495 2553 1690 2611 llclutinum.

1172 2642 1357 2717 Actipltouc.
1369 2644 1431 2714 Ego
1441 2641 1579 2700 dormivi.
1595 2642 1740 2700 Psctmur
1753 2641 1957 2702 rialltorctic.

1137 2730 1263 2790 Domine
1275 2734 1344 2791 lesu
1363 2731 1486 2790 Christe.
1500 2732 1556 2803 sol.
1573 2734 1634 2789 369.

1171 2820 1347 2894 tropicus
1358 2818 1556 2894 l.Consepulti
1567 2818 1648 2877 enim
1658 2834 1842 2879 rumuscum
1848 2820 1963 2879 Christo

1136 2924 1190 2984 per
1208 2911 1359 2985 baptisma
1370 2911 1401 2967 in
1425 2914 1551 2967 mortem
1563 2926 1571 2965 ι
1584 2912 1617 2967 ut
1640 2909 1900 2983 quemadmodum
1917 2924 1963 2967 re

1137 3000 1264 3057 surrexit
1277 3000 1437 3057 Christusa
1451 2996 1576 3055 mortuis
1600 3012 1655 3072 per
1667 2997 1793 3069 gloriam
1806 2998 1910 3064 Patris,
1926 2998 1961 3055 P.

1137 3091 1180 3147 lta
1189 3093 1218 3146 et
1231 3105 1288 3146 cos
1301 3089 1333 3146 in
1343 3088 1476 3146 novitate
1488 3086 1555 3145 vitas
1570 3085 1803 3149 ambulemustl.
1818 3086 1887 3162 lpse
1896 3084 1964 3145 lecit

1136 3193 1203 3248 nos,
1218 3181 1247 3237 et
1258 3193 1319 3235 non
1332 3176 1390 3250 ipsi
1411 3191 1477 3234 uos.
1494 3177 1553 3233 Nos
1563 3180 1664 3234 autem
1689 3175 1821 3250 populus
1847 3176 1925 3249 ejus,
1939 3181 1967 3234 et

1137 3282 1209 3324 oses
1227 3265 1436 3340 pascuasius.
1452 3265 1485 3323 P.
1510 3267 1562 3323 lta.
1578 3264 1610 3328 Ρ.
1626 3263 1735 3335 Gloria,
1749 3269 1780 3322 et
1793 3263 1904 3324 bonor.
1930 3265 1962 3322 P.

1172 3442 1794 3518 oratio.Ghriste‚cuiconsepultisunrusin
1821 3447 1962 3512 mortem,

1138 3538 1172 3595 ut
1184 3548 1408 3606 resurgeremus
1421 3532 1477 3592 tibi
1491 3532 1646 3607 perfidem
1656 3531 1882 3590 resurrectionis
1891 3537 1964 3600 tuac
2040 3567 2041 3574 ι

1136 3625 1207 3684 lara
1218 3640 1299 3684 nosa
1313 3625 1443 3700 pereatis
1452 3624 1597 3682 nostrisin
1610 3624 1758 3696 sanguine
1766 3627 1820 3682 tuo
1831 3641 1838 3681 :
1848 3627 1964 3698 utquos

1138 3715 1255 3774 dudum
1265 3715 1419 3772 mundasti
1438 3727 1519 3788 aqua
1542 3713 1741 3787 baptismatis,
1761 3711 1964 3772 indesinenter

1138 3803 1278 3880 purifices
1287 3803 1474 3875 indulgentia
1488 3801 1618 3876 pietatis.
1633 3812 1667 3878 a.
1678 3805 1784 3860 Amen.

1173 3893 1227 3952 Per
1240 3892 1488 3952 misericordiam.

1173 3982 1343 4056 Aulipionc
1361 3981 1614 4040 2.Fructificemus
1625 3980 1920 4055 Dcc,utsimusejns,
1935 3983 1964 4040 P.

1139 4071 1195 4141 oui
1209 4088 1245 4131 ex
1259 4072 1386 4131 mortuis
1418 4071 1588 4129 resurrexit.
1603 4069 1635 4133 Ρ.
1658 4069 1805 4129 Dominus
1819 4071 1965 4143 regnarit,

1138 4158 1278 4220 decorem
1287 4159 1513 4218 induitzinduit
1524 4158 1671 4218 Dominus
1695 4157 1915 4228 tortitudinem,
1942 4163 1967 4218 et

1138 4246 1716 4323 praemxltss.atenimurmavltorbem
1727 4247 1889 4321 temre,qui
1905 4263 1967 4308 non
2039 4307 2040 4328 ,

255 4332 671 4408 lodicentlumvcoemagna:
687 4331 1086 4407 Dignusestquiocoisusest
1138 4336 1488 4404 commovebitur.l..Qui·
1504 4335 1536 4399 Ρ.
1552 4335 1661 4402 Gloria,
1677 4341 1707 4394 ct
1719 4335 1826 4394 honor.
1844 4335 1879 4393 P.
1897 4338 1963 4406 Qui.
2039 4355 2040 4402 ι

1175 4426 1287 4484 Oratio.
1302 4427 1359 4484 Pac
1372 4440 1439 4483 nos.
1456 4425 1560 4494 Quare
1572 4431 1652 4484 retro
1667 4427 1698 4483 iu
1731 4425 1862 4499 vesperis
1892 4441 1965 4498 pra·

1139 4513 1316 4572 cedentibus.

1174 4603 1351 4676 Aulipltouc
1363 4607 1391 4662 t.
1407 4601 1540 4662 Christus
1555 4604 1641 4662 lesus
1662 4605 1829 4661 secundum
1843 4607 1962 4678 tempus

1139 4707 1195 4768 pro
1208 4691 1309 4766 impiis
1327 4698 1463 4750 mortuus
1480 4693 1646 4765 salicetus
1659 4707 1715 4768 pro
1740 4693 1862 4765 injustis
1879 4693 1962 4752 :ideo

1139 4783 1331 4841 commendat
1344 4783 1517 4840 charitatem
1534 4799 1621 4842 suam
1631 4783 1662 4840 in
1677 4783 1778 4841 nobis.
1792 4785 1870 4841 P.Ul
1880 4783 1963 4856 justi·

1137 4871 1218 4930 ficati
1233 4871 1264 4928 in
1281 4875 1426 4944 sauguine
1442 4872 1518 4943 ejus,
1533 4871 1608 4929 salvi
1618 4871 1658 4929 ab
1675 4871 1721 4930 ira
1735 4871 1830 4928 simus
1848 4887 1903 4946 per
1920 4873 1962 4946 ip-

1128 4955 1216 5018 sum.
1235 4960 1268 5023 Ρ.
1285 4961 1410 5030 Eloquia
1423 4959 1551 5029 Domini,
1571 4959 1691 5034 eloquia
1700 4967 1961 5034 casla:argentum

248 5047 296 5121 sol
314 5052 380 5108 til.
1137 5051 1420 5122 igneexamiuatum
1433 5057 1527 5114 terra,
1541 5054 1704 5124 purgatum
1728 5049 1915 5124 septuplum.
1934 5054 1960 5108 P.

289 5136 440 5210 Capitutc.
455 5133 1083 5212 Deus,quiinoperationequintidieirepti·
1138 5140 1175 5197 tlt
1185 5139 1349 5210 justificati.
1371 5137 1402 5200 Ρ.
1423 5137 1532 5207 Gloria,
1546 5143 1575 5195 et
1588 5137 1696 5196 bonor.
1712 5139 1742 5196 P.
1756 5141 1801 5196 Ut.
2038 5137 2039 5210 l

256 5225 298 5286 lia
310 5225 480 5284 animarum
496 5226 781 5297 sisarum,hcmines
795 5224 904 5284 scilicet
920 5228 1082 5283 renovatos
1173 5227 1282 5286 Oratio.
1300 5227 1413 5285 Christe
1422 5228 1501 5285 Deus
1509 5232 1623 5294 noster,
1639 5233 1669 5286 et
1681 5228 1819 5296 Domine,
1829 5229 1883 5302 qui
1896 5245 1961 5287 con·

251 5315 739 5392 persacrameutumttaptismatis,
760 5315 929 5372 condidisti:
938 5319 966 5371 et
976 5312 1081 5371 volati-
1128 5309 1262 5373 'firmasti
1273 5331 1330 5374 nos
1342 5317 1486 5392 mysterio
1494 5317 1606 5390 crucis,
1624 5323 1653 5375 et
1665 5315 1788 5389 signasti
1809 5317 1957 5392 mysterio,
2038 5323 2039 5400 l

252 5401 872 5478 liacoeli,animasvidelicetsauctorumad
883 5419 1015 5478 superna
1031 5421 1083 5464 vo-
1135 5404 1268 5479 potentia
1276 5408 1332 5462 ture
1340 5406 1564 5464 resurrectionis
1577 5406 1667 5481 300
1678 5407 1755 5464 dans
1774 5407 1884 5480 pignus
1900 5405 1957 5480 spi·

254 5487 517 5566 tuuruenitests
527 5489 889 5567 rutulumlueelormasti
899 5508 906 5556 t
914 5493 1081 5577 proebeaui·
1134 5492 1524 5570 utusiuccrdibusuostria
1534 5493 1582 5557 lac
1591 5505 1647 5562 uos
1658 5495 1710 5566 ita,
1725 5511 1901 5587 quesumus
1914 5509 1946 5562 rs
