4117 6175
125 273 179 330 Db'l
822 274 930 333 HORAE
948 275 1150 334 CANONICAE.
1778 279 1832 336 054

127 395 553 455 Benedictio.Dominuslesus
565 396 705 465 Christus,
725 397 776 472 qui
797 399 873 456 bora
890 399 950 458 diei
966 402 989 455 A
1040 401 1224 474 Antiphone.
1239 403 1315 459 Deus
1327 401 1358 458 in
1370 401 1493 459 nomine
1506 405 1557 460 tuo
1568 402 1687 462 salvum
1699 418 1748 460 me
1763 402 1828 461 lac:

123 486 218 544 Tertia
233 485 314 541 misit
325 484 366 541 ad
384 485 543 558 Apostolos
559 501 631 544 suos
659 487 799 559 Spiritum
824 488 949 546 Paracli·
1005 493 1033 545 et
1047 489 1076 545 in
1097 489 1206 547 virtute
1221 495 1272 548 tua
1286 489 1381 547 libera
1400 505 1459 547 me.

121 579 185 633 tum
195 572 947 650 3invisceribusnostrisinnovetspiritumreotum;
1040 577 1150 636 Diaeus
1162 579 1528 649 Festioiallesponsorium.
1545 581 1574 636 ln
1590 580 1672 636 omni
1686 581 1763 652 loco,
1779 580 1832 638 do·

123 675 155 736 p.
171 665 276 720 Amen.
291 665 324 719 Et
338 663 412 737 quia
424 662 561 721 mirabile
574 665 604 720 in
629 667 769 739 aequitate
795 670 950 739 permanet
1003 665 1183 724 minutiones
1198 667 1263 739 eius
1282 667 1427 724 :benedic
1447 665 1552 725 anima
1578 683 1648 725 mea
1669 669 1829 726 Dominum

113 755 274 820 Sanctum,
290 767 403 810 arcana
416 753 547 826 pectoris
568 755 663 811 nostri
687 754 800 828 repleat
823 755 948 828 spiritus
1002 753 1138 828 Alleluia,
1155 755 1274 813 alleluia
1290 755 1339 818 :tu
1356 756 1413 824 Qui
1429 759 1518 814 sanat
1538 769 1644 812 omnes
1667 755 1830 826 languores

116 841 248 898 Sanctus
264 857 271 896 :
288 851 321 912 p.
339 841 445 897 Amen.
461 840 637 913 Unigenitus
648 843 780 899 Gbristus
790 843 947 916 Dominus,
1002 845 1070 900 tuos
1083 861 1090 898 ι
1105 841 1160 913 Qui
1168 843 1294 902 redemit
1302 845 1339 902 de
1353 845 1473 901 interitu
1485 844 1678 902 dmmtuem.
1692 844 1727 901 P.
1739 841 1831 902 Bene

113 930 206 1007 quiin
221 929 551 1003 laciamdlscipulorum
561 932 893 991 suorumllatuviritico
903 933 948 990 in·

112 1020 256 1088 sufflavit,
279 1019 345 1093 ipse
352 1019 500 1092 populum
515 1037 605 1077 suum
620 1019 881 1078 benedictionibus
906 1022 947 1080 la·

112 1110 174 1167 ciat
187 1109 343 1166 abundare
352 1109 553 1182 perspiritum
575 1110 782 1185 principalem.
797 1123 828 1182 lp.
841 1117 945 1170 Amen.

150 1199 205 1256 Per
219 1197 471 1255 misericordiam.

151 1287 947 1364 DeAscensiorrcllespousorium.Quisdabitmilripen·

114 1392 173 1435 nas
189 1377 265 1434 sicut
279 1375 439 1447 columbae,
452 1381 482 1432 et
503 1376 621 1445 rolubo,
637 1385 668 1434 ut
687 1378 874 1451 requiescam
887 1380 902 1436 l
913 1378 945 1441 t.

115 1467 192 1523 licea
207 1464 478 1538 elongavifugiens
493 1465 645 1523 :etmansi
655 1465 686 1523 in
713 1466 885 1524 solitudine.
913 1469 945 1525 P.

116 1556 152 1612 itt
163 1553 286 1624 volabo,
296 1559 329 1611 ut
342 1552 593 1628 requiescamlit.
608 1554 718 1624 Gloria,
746 1555 892 1613 ethonor.

208 1643 405 1715 Apocalypsis
415 1645 542 1702 loconis
555 1645 689 1714 Apostoli
702 1643 787 1716 (Gap.
802 1646 855 1719 iv).

156 1745 190 1805 u.
202 1735 262 1791 Deo
272 1732 397 1805 gratias.

155 1825 217 1894 ligo
230 1823 361 1880 loannes
372 1837 476 1879 seruus
488 1823 556 1878 lesu
569 1821 674 1880 Christi
684 1821 727 1879 lui
740 1823 771 1880 in
787 1823 903 1899 Spiritu,
917 1827 946 1884 et

113 1912 179 1970 vidi
193 1928 200 1968 :
216 1915 246 1970 et
257 1927 326 1969 ecce
339 1911 426 1968 sedes
437 1911 489 1969 Dei
502 1912 602 1986 posita
614 1916 677 1969 erat
688 1912 947 1988 incoelc,etsupra

115 2001 222 2058 sedem
236 2001 358 2058 sedens:
373 2000 459 2074 etqui
466 1999 600 2068 sedebat,
609 2000 672 2074 ipse
678 2000 841 2059 vocabatur
853 2002 946 2060 Testis

114 2089 226 2156 ildelis,
253 2091 282 2147 at
308 2088 487 2148 immortalis
507 2089 539 2147 in
569 2089 680 2147 eaecula
703 2089 893 2149 saeculorum.
913 2103 945 2163 p.

114 2179 224 2237 Amen.

154 2267 290 2339 Epistola
305 2267 397 2326 Pauli
406 2268 542 2340 Apostoli
555 2269 596 2327 ad
605 2269 745 2340 Eplesios
754 2269 845 2343 (Cup.
858 2269 910 2344 rr).

155 2368 189 2430 p.
206 2359 266 2414 Deo
291 2357 413 2430 malias.

156 2447 295 2504 Fratres:
312 2444 537 2517 Quidcscendit‚
552 2447 617 2522 ipse
627 2451 671 2504 est
685 2447 737 2521 qui
752 2446 887 2506 ascendit
899 2464 949 2506 su·

119 2552 178 2612 per
189 2534 293 2602 coelos,
306 2539 339 2593 ut
351 2534 648 2609 adimpleretomnia.
662 2535 722 2610 ipsi
734 2535 840 2608 gloria,
851 2540 880 2593 et
893 2535 949 2593 im-

121 2625 242 2701 perium
257 2624 287 2681 in
297 2623 409 2682 saecula
435 2623 670 2698 saeculoruma.
684 2629 788 2681 Amen.

157 2713 272 2772 Lauda
285 2712 419 2784 Alleluia,
426 2712 555 2778 alleluia,
573 2711 703 2771 alleluia.
718 2713 857 2770 Ascendit
872 2715 950 2770 Deus

120 2805 154 2862 in
164 2801 351 2875 iubilatione,
369 2801 588 2864 uertuntur.
602 2802 744 2860 Ascendit
757 2803 904 2860 Dominus
919 2801 950 2858 in

119 2906 198 2950 voce
212 2891 302 2950 tuba.
314 2889 347 2948 P.
357 2889 490 2958 Alleluia,
503 2889 632 2957 alleluia,
647 2890 776 2949 alleluia.

461 2998 602 3069 Hymnus

231 3109 315 3165 tinne
328 3110 431 3163 sancte
445 3104 535 3163 nobis
547 3104 684 3179 Spiritus,

196 3199 294 3255 Unum
309 3194 388 3253 Patri
405 3210 476 3251 oum
496 3194 578 3261 Filio,

194 3284 321 3355 Dignare
338 3288 496 3357 promptus
519 3282 613 3356 ingeri

197 3376 303 3431 tloatro
317 3371 435 3429 relusus
452 3372 578 3445 pectori.

233 3459 394 3531 0slingua,
412 3476 509 3527 meus,
531 3461 755 3533 sensuavigor,

198 3548 423 3609 contessionem
438 3554 611 3623 personent.

200 3637 395 3697 flammescat
406 3637 476 3708 igne
493 3636 633 3706 charitas,

198 3727 350 3784 Accendat
362 3725 453 3784 ardor
466 3726 632 3799 proximos.

233 3816 357 3881 Praesta,
370 3816 455 3871 Pater
471 3813 615 3887 piissime,

197 3903 328 3980 [cxxxur]
339 3902 480 3977 Patrique
499 3917 625 3975 compar
640 3901 740 3970 Unice,

198 3996 272 4052 dum
283 3994 391 4068 Spiritu
410 3991 555 4050 Paraelito

197 4086 338 4155 Regnans
350 4096 405 4157 per
418 4096 508 4139 omue
525 4078 683 4138 saeculnm.

232 4174 338 4231 Amen.

160 4280 193 4343 il.
206 4280 277 4338 Veni
289 4279 425 4347 Domine,
437 4278 497 4337 noli
512 4279 648 4337 tardare:
665 4281 694 4334 et
705 4275 808 4334 relaxa
819 4274 955 4332 facinora

123 4370 225 4446 plebis
237 4372 308 4428 tua.

163 4460 362 4530 snpplicatio.
375 4457 590 4531 Dromospium
606 4454 841 4515 alexaudibilem
856 4450 956 4510 Domi·
970 4457 993 4513 D

126 4564 205 4607 num
217 4553 354 4606 nostrum
367 4548 472 4604 lesum
482 4546 640 4612 Christum,
654 4560 725 4601 cum
734 4542 819 4601 omni
838 4539 954 4615 suppli·

126 4638 247 4697 catione
260 4651 404 4709 rogemus
413 4656 423 4708 ;
436 4640 470 4694 ut
483 4650 540 4691 nos
564 4633 659 4705 gloria
682 4630 870 4690 Ascensionis
891 4645 955 4686 sua

128 4723 279 4798 propitias
295 4724 459 4797 justificare
480 4723 630 4793 dignetur.
648 4734 681 4793 p.
706 4720 817 4779 Praesta
844 4725 954 4775 aeterne

129 4812 322 4886 omnipotens
338 4814 425 4870 Deus.

165 4902 265 4975 llyrie,
278 4901 400 4959 eleison.
417 4912 451 4975 p.
467 4900 589 4967 Gbriate,
615 4898 739 4959 eleison.

128 5008 258 5066 ruclrtt
295 5008 390 5067 ORDO
420 5011 467 5066 Au
508 5008 647 5066 sexul
686 5004 861 5061 pronubus
891 5004 956 5059 vlit

427 5096 656 5155 RECITANDUS.

165 5202 351 5275 Antiphone.
363 5204 442 5261 Deus
454 5203 618 5261 innomine
630 5206 680 5259 tuo
693 5200 812 5258 saluum
824 5212 873 5256 me
887 5196 934 5256 lac
947 5214 954 5255 :

128 5296 160 5349 et
172 5292 205 5349 in
218 5292 325 5351 virtute
338 5296 390 5351 tua
403 5293 499 5350 libera
516 5308 575 5349 me.
595 5291 706 5349 Psalm.
719 5306 776 5347 nur.

166 5396 264 5440 urru-
279 5384 419 5441 Psalmus
441 5382 553 5440 Dauid.
567 5381 633 5439 leci
652 5378 805 5453 iudicium
829 5381 858 5436 et
870 5377 956 5451 justi·

131 5472 215 5531 tiam
228 5471 550 5535 Mirabiliatcstlmonia
564 5476 628 5537 lua.
644 5472 745 5538 iustus
759 5485 802 5542 es,
819 5468 957 5539 Domine.

132 5560 199 5630 W·
214 5576 259 5627 lav·

1002 931 1051 988 dic
1061 932 1165 990 anima
1176 949 1253 990 mea.
1269 933 1302 995 ll.
1323 933 1431 1000 Gloria,
1446 938 1476 990 at
1489 933 1596 990 honor.

1039 1020 1145 1078 Diebus
1154 1022 1564 1092 ferialibusltesponsorium.
1579 1021 1724 1090 Miserere,
1738 1019 1826 1078 misa-

1001 1114 1084 1166 rator
1100 1125 1106 1167 :
1123 1111 1261 1168 miserere
1272 1111 1370 1168 nobis.
1385 1109 1417 1173 ll.
1433 1111 1477 1168 Ad
1506 1115 1532 1168 te
1560 1111 1697 1168 lavamus
1724 1108 1829 1166 oculos

1001 1205 1131 1267 nostros,
1146 1199 1199 1274 qui
1211 1199 1330 1258 habitas
1361 1199 1393 1256 in
1405 1199 1497 1257 coelis.
1524 1197 1558 1256 P.
1581 1197 1713 1257 ltisarere
1729 1195 1828 1256 nobis.

1000 1286 1032 1349 ll·
1047 1286 1155 1355 Gloria,
1174 1291 1203 1345 et
1223 1287 1332 1346 honor.

1035 1375 1145 1433 Diebus
1162 1376 1318 1434 Dominicis
1328 1375 1621 1447 reponeremus
1630 1373 1717 1432 nobis
1730 1373 1830 1432 Domi-

1000 1481 1041 1523 ne
1054 1465 1185 1522 lutitiam
1204 1463 1322 1531 cordis3
1337 1467 1367 1522 et
1387 1463 1520 1522 maceda
1541 1477 1649 1537 pacem
1673 1462 1705 1519 in
1719 1461 1828 1520 diebus

999 1553 1119 1610 nostris.
1130 1552 1264 1620 Alleluia,
1280 1551 1413 1610 alleluia.
1430 1551 1462 1614 t.
1489 1552 1568 1608 Deus
1581 1551 1613 1608 in
1638 1548 1761 1606 nomine
1775 1551 1827 1606 tuo

1000 1641 1102 1699 salvos
1119 1640 1236 1699 nostae
1253 1646 1300 1701 :et
1311 1641 1343 1698 in
1353 1642 1461 1698 virtute
1479 1644 1531 1698 tua
1554 1638 1649 1696 libera
1662 1653 1728 1695 nos.
1745 1638 1782 1697 P.
1795 1639 1829 1695 et

960 1751 983 1807 g
1000 1731 1141 1789 concede.
1162 1731 1196 1794 t.
1219 1729 1328 1798 Gloria,
1340 1733 1369 1788 et
1382 1729 1490 1788 honor.

1036 1820 1218 1879 DeAcluentu
1233 1820 1355 1877 Domini
1376 1817 1614 1891 Responsoriam.
1646 1814 1830 1874 Hierusalem

999 1913 1100 1975 laetare
1114 1908 1145 1965 in
1169 1909 1304 1966 Adventu
1325 1905 1455 1978 Domini,
1473 1905 1617 1981 quoniam
1640 1905 1705 1978 ipse
1731 1904 1831 1962 veniet

1000 1998 1065 2058 tibi.
1081 2001 1115 2056 Et
1126 1997 1239 2056 auleret
1257 2013 1275 2055 a
1289 2002 1315 2054 te
1327 1998 1436 2055 stolam
1446 1995 1554 2064 luctus,
1570 1998 1599 2052 et
1613 1993 1788 2060 anxietates,
1801 1995 1830 2050 et

1000 2087 1106 2145 induet
1114 2091 1143 2145 te
1155 2085 1409 2161 pulchritudinem
1420 2083 1568 2159 equitatis
1580 2083 1611 2140 in
1622 2082 1751 2139 adventu
1762 2097 1829 2139 auo.

1000 2176 1034 2239 ll.
1049 2179 1080 2233 Et
1092 2191 1205 2250 ponam
1217 2175 1633 2246 visitationemtuampaccm,
1644 2176 1673 2228 et
1685 2169 1831 2244 praeposi·
1873 2178 1884 2200 ⁸

1000 2270 1048 2324 tos
1063 2269 1132 2323 tuos
1156 2265 1308 2338 justitiam.
1331 2263 1367 2322 P.
1386 2265 1420 2320 lit
1438 2262 1551 2321 auferet
1569 2277 1589 2320 a
1606 2264 1635 2318 te
1662 2257 1780 2318 stolam.
1795 2257 1829 2320 i.

1002 2354 1111 2422 Gloria,
1125 2358 1155 2412 et
1171 2353 1279 2411 honor.

1073 2445 1173 2502 Lectio
1189 2442 1263 2500 libri
1281 2441 1414 2500 llicleeee
1428 2437 1580 2511 rroplera
1604 2437 1689 2512 (Gap.
1707 2435 1759 2509 u).

1040 2545 1072 2604 p.
1089 2531 1150 2589 Deo
1162 2532 1284 2602 gades.

1041 2623 1076 2681 In
1087 2620 1145 2677 iltis
1160 2619 1267 2676 diebus
1283 2633 1290 2674 :
1303 2621 1430 2675 Locutus
1443 2614 1757 2684 ostiliobaas,diccns
1769 2615 1832 2682 31n·

1004 2710 1114 2769 dicabo
1127 2709 1208 2766 tibio
1222 2709 1314 2765 bomo
1324 2705 1443 2781 quidsit
1457 2705 1584 2773 bonum,
1598 2707 1627 2759 et
1640 2702 1716 2776 quid
1728 2701 1830 2759 Domi·

1004 2816 1063 2859 nus
1073 2800 1210 2873 quarrata
1220 2801 1246 2853 te
1257 2813 1263 2852 :
1276 2796 1377 2868 utique
1385 2788 1831 2866 lacarejudieiumetjustitiam,

1005 2894 1035 2948 et
1048 2887 1170 2960 diligere
1179 2884 1459 2949 misericordiam,et
1469 2881 1581 2939 solicite
1591 2878 1746 2938 ambulare
1761 2893 1831 2937 oum

1005 2978 1134 3036 Domino
1149 2979 1209 3034 Deo
1224 2980 1286 3032 tuo.
1298 2986 1333 3046 p.
1352 2978 1458 3031 Amen.

971 3100 992 3157 G
1041 3067 1177 3139 Epistola
1190 3065 1275 3123 Pauli
1287 3063 1424 3136 Apostoli
1438 3063 1480 3123 ad
1502 3061 1649 3121 Romanos
1666 3057 1754 3134 (cop.
1767 3058 1831 3132 ιιι).

1041 3154 1259 3229 pDeogratias.

1042 3248 1165 3313 Fratres,
1179 3243 1344 3315 intulixego
1358 3243 1461 3309 bomo,
1481 3240 1550 3314 quis
1572 3253 1621 3294 ma
1635 3234 1775 3293 liberabit
1794 3236 1833 3292 de

1005 3349 1130 3409 corpore
1146 3332 1345 3405 mortishujus
1356 3332 1371 3388 l
1383 3331 1482 3388 Gratia
1496 3326 1548 3383 Dei
1556 3327 1725 3400 perlesum
1740 3322 1836 3381 Chris·

1005 3428 1071 3482 tum
1081 3422 1242 3480 Dominum
1255 3426 1400 3478 nostrum.
1416 3432 1448 3491 p.
1461 3420 1566 3475 Arnen.

1042 3512 1154 3568 bondo.
1168 3508 1303 3579 Alleluia,
1320 3507 1449 3567 alleluia.
1480 3505 1579 3578 Salva,
1606 3503 1732 3562 Domine
1756 3500 1835 3558 Deus

1006 3605 1110 3658 noster
1125 3618 1131 3657 :
1146 3604 1175 3657 et
1186 3614 1336 3671 congrega
1362 3612 1418 3654 nos
1431 3596 1469 3653 de
1484 3592 1627 3653 Gentibus
1638 3590 1764 3650 Alleluia
1777 3606 1784 3647 r
1795 3588 1830 3651 it.

1008 3692 1045 3747 lit
1061 3686 1380 3746 conliteamurnomini
1389 3688 1493 3744 sancto
1505 3690 1574 3742 tuo:
1591 3688 1620 3741 et
1630 3680 1793 3757 gloriemur
1801 3677 1834 3737 in

1006 3777 1097 3835 laudo
1109 3780 1170 3835 tua.
1184 3778 1222 3835 P.
1238 3774 1372 3847 Alleluia,
1397 3774 1528 3833 alleluia.

1044 3869 1087 3925 De
1106 3866 1321 3925 resurrectione
1341 3864 1463 3923 Domini
1482 3860 1718 3933 Desponsoriam.
1733 3856 1834 3914 Videte

1008 3954 1161 4028 magnalia
1176 3954 1236 4022 Dei,
1252 3970 1319 4029 quae
1333 3953 1399 4010 lecit
1413 3952 1558 4009 Dominus
1573 3967 1581 4017 ;
1611 3944 1835 4015 confortamini,

1007 4042 1268 4111 etnolitetimare;
1281 4044 1318 4101 P.
1339 4042 1413 4110 Quia
1426 4042 1503 4099 Dens
1514 4054 1568 4113 pro
1590 4036 1676 4095 nobie
1707 4037 1834 4109 pugnat.

1008 4132 1143 4199 Alleluia,
1157 4130 1285 4189 alleluia.
1297 4132 1320 4193 tl
1331 4130 1462 4189 Laudato
1473 4127 1635 4185 Dominum
1643 4138 1750 4182 omnes
1759 4122 1836 4179 Gen·

1007 4225 1052 4277 tes
1068 4239 1075 4278 :
1090 4218 1268 4278 conlaudate
1280 4234 1386 4277 omnes
1399 4216 1526 4292 populi:
1542 4215 1576 4273 P.
1592 4214 1668 4282 Quia
1688 4213 1766 4270 Deus
1779 4225 1835 4284 pro

1008 4308 1108 4367 nobis.
1123 4309 1155 4372 t.
1172 4308 1280 4373 Gloria,
1293 4311 1322 4365 et
1334 4307 1432 4365 bonor
1460 4305 1550 4363 Patri.

1351 4398 1494 4469 Hymnus.

1188 4490 1292 4544 tinctor
1305 4489 1422 4559 potens,
1444 4498 1536 4541 verax
1548 4480 1637 4550 Deus,

1152 4576 1478 4649 onitemperasrsrum
1511 4572 1602 4641 vices,

1151 4664 1314 4740 splendore
1341 4678 1430 4720 mane
1452 4660 1584 4729 instruis,

1152 4756 1186 4811 Et
1198 4752 1319 4825 ignibus
1331 4751 1495 4809 meridiem.

1189 4843 1334 4915 Extingne
1346 4842 1485 4899 flammas
1494 4840 1601 4909 litium,

1156 4932 1243 4991 Aulcr
1253 4932 1382 4989 calorem
1397 4930 1532 5000 noxium,

1153 5021 1259 5079 Confer
1269 5021 1397 5077 salutem
1413 5030 1583 5089 corporum,

1154 5114 1320 5183 veramque
1337 5122 1443 5181 pacem
1457 5102 1603 5161 cordium.

1189 5200 1309 5261 Praesta.
1328 5192 1569 5267 Paterpiissime,

1154 5286 1292 5359 Patrique
1310 5297 1436 5357 compar
1450 5281 1550 5348 llnice,

1154 5374 1229 5433 Cum
1244 5372 1353 5447 Spiritu
1370 5370 1518 5430 Parautito

1154 5464 1294 5536 ttegnnns
1308 5474 1462 5536 peromne
1486 5456 1640 5529 sarculum,

1191 5554 1298 5623 Amen.
