4117 6175
115 196 169 263 325
706 191 888 263 bomiuler
906 193 930 260 li
949 186 1256 273 temerariarum.
1771 198 1824 269 eti

148 323 329 399 Anttptcao
343 325 369 385 e.
391 318 598 387 iuucontidlt
611 323 716 388 anima
741 338 811 387 mee
827 318 945 387 :libera
961 320 1100 399 sitaque
1112 318 1220 385 taciem
1234 324 1319 387 tuam
1336 334 1423 401 super
1451 324 1645 390 hereditatem
1670 325 1766 401 tuem,
1794 340 1823 395 ct

114 433 173 485 me,
193 411 326 476 Domine.
340 410 477 474 Psotmas
491 428 552 477 avr.
999 414 1146 472 salvenes
1156 415 1276 489 propter
1285 411 1522 475 misericordiam
1535 420 1664 495 tuamip.
1679 418 1784 481 Amen.
1895 422 1898 433 '

150 508 265 566 Oratio.
281 506 488 563 uomincJesu
503 506 628 575 christe,
642 498 696 581 qui
708 498 861 566 credentes
871 503 902 563 ln
918 504 945 563 ie
1035 504 1091 560 Per
1103 499 1352 564 miscricordiam.

114 596 293 656 redimendo
306 593 442 669 suscipis,
454 600 483 652 et
493 589 654 653 exaltando
663 588 945 671 glorifieaspiebem
1034 584 1216 661 sarapteno.
1231 597 1264 651 ln
1278 590 1466 652 tribulatione
1492 594 1596 653 nostra
1620 608 1769 656 memores
1785 597 1821 658 si·

115 684 249 745 tuamab
261 683 477 755 iniustitiaeta
489 678 812 757 peecatorumviucuio
824 676 943 741 libere:
998 688 1068 737 mus
1093 677 1144 746 tui,
1167 682 1305 739 Deustin
1324 674 1514 743 tribulatione
1540 676 1671 755 modica,
1694 683 1822 748 eruditio

115 773 246 832 veritatis
260 776 289 830 et
308 770 462 845 sapientia
468 771 525 828 tue
533 784 658 830 munere
677 772 769 830 corda
781 783 886 829 eorum
902 771 946 828 lo·
1000 762 1051 827 tue
1062 760 1142 827 iacta
1153 764 1310 828 estnobis.

117 862 245 938 cupleta,
258 860 435 934 mentesque
444 856 645 929 sanctificant
656 855 731 919 siout
741 861 774 918 in
788 860 864 919 coelo
874 875 944 917 cum
1035 850 1205 919 Canticum.
1218 858 1354 918 ilenocte
1368 852 1481 932 dailai.
1509 854 1570 931 sot.
1589 860 1633 920 ot.
1657 854 1824 923 itettrretttr
1894 867 1898 875 '

117 950 232 1011 Sanctis
245 952 352 1023 regnet
365 947 471 1021 gloria,
486 951 529 1007 sle
549 943 621 1008 etlti
654 950 796 1009 omnibus
822 950 946 1009 maneat
997 941 1178 1015 sareptena.
1195 950 1228 1004 ln
1244 941 1445 1007 tribulatione.

116 1040 209 1110 salus,
221 1035 429 1097 otbenedtotio
443 1044 505 1098 tua.
518 1042 551 1097 R.
567 1042 675 1099 amen.
1034 1034 1147 1093 motio.
1162 1033 1203 1093 lic
1215 1042 1303 1095 nocto
1315 1034 1490 1111 arguentem
1503 1037 1543 1097 ad
1556 1032 1730 1114 tesplritum
1750 1050 1825 1100 nos-

149 1130 206 1188 Per
221 1123 473 1186 misericordiam.
997 1125 1078 1182 uum
1089 1116 1154 1182 luce
1167 1128 1245 1184 Deus
1259 1128 1368 1185 deeora
1382 1132 1599 1202 preceptorum
1608 1132 1745 1190 tuorum:
1758 1132 1825 1189 etin

148 1215 325 1289 lintipltoco
340 1220 364 1272 l.
380 1215 516 1274 iudicare
540 1215 664 1291 pupillo,
678 1218 831 1288 elegerin:
849 1220 878 1275 Ρ.
894 1217 942 1275 Ju-
996 1212 1172 1285 tempestate
1195 1215 1407 1287 requirentium
1429 1216 1457 1273 te
1471 1214 1621 1288 arguunt
1639 1216 1691 1276 lux
1720 1218 1824 1277 edesio

113 1300 383 1373 euroaustrum,
396 1301 426 1362 et
440 1300 594 1363 humilem.
604 1302 712 1379 Eripite
724 1316 900 1379 pauperem,
916 1311 945 1364 ct
996 1292 1165 1360 meridiana
1176 1317 1183 1358 :
1193 1297 1282 1359 nullae
1295 1317 1351 1359 nos
1365 1295 1495 1361 tenebre
1516 1308 1544 1362 te
1557 1312 1715 1379 sequentes
1731 1300 1826 1383 impe-

114 1410 258 1466 egenum.
272 1394 301 1454 t.
312 1395 392 1450 Deus
415 1394 493 1450 stetit
513 1394 545 1450 in
571 1407 729 1468 synagoga
752 1394 876 1451 deorum
892 1394 943 1451 :in
997 1380 1141 1460 diaut3ne
1155 1382 1305 1462 injustitie
1316 1404 1402 1448 emor
1415 1396 1519 1449 nostra
1533 1396 1589 1450 ate
1600 1394 1825 1466 vestigleretre·

110 1484 328 1541 medicantem
340 1481 942 1547 decedisccmitp,iustificatapcloria.
996 1471 1065 1534 hat:
1077 1476 1131 1535 sed
1140 1473 1295 1535 valeamus
1303 1472 1420 1551 justitia
1435 1474 1544 1549 dicero,
1557 1484 1586 1539 te
1598 1482 1752 1541 auctorem
1759 1480 1824 1557 ius-

111 1578 140 1630 et
150 1573 249 1629 honcr
261 1567 352 1638 Petri,
368 1571 423 1629 eic.
997 1564 1067 1623 title
1081 1564 1248 1641 proficienti
1272 1564 1460 1642 postulemus
1481 1564 1638 1628 aviditate:
1653 1582 1689 1630 ac
1709 1569 1825 1632 dumte

147 1660 261 1717 Oratio.
279 1654 480 1717 Christeiteus
491 1651 539 1717 iac
555 1668 612 1717 nos
623 1673 743 1733 semper
762 1656 794 1716 in
814 1673 944 1732 egenum
960 1676 983 1734 Β
997 1655 1144 1729 perpetim
1155 1650 1333 1729 amplectere
1354 1646 1608 1730 concupiscimus,
1624 1658 1682 1717 tum
1702 1675 1825 1735 quoque

112 1753 141 1806 et
153 1763 323 1823 pauperem
337 1744 537 1822 promptiores
550 1746 685 1818 existere,
692 1752 721 1806 et
735 1740 833 1820 legem
859 1753 944 1807 tuam
999 1736 1153 1817 sepienti&
1166 1742 1355 1817 amplexibus
1367 1744 1547 1803 haereamus.
1561 1756 1594 1819 ii.
1612 1747 1717 1805 Amen.

114 1837 322 1895 custodirczut
333 1837 545 1895 misericordie
558 1830 698 1910 operibus
708 1836 875 1905 affluentes,
905 1854 944 1895 te·
1032 1830 1826 1907 reuersurusmntipecacavigiliamatutinaus-

115 1930 263 1983 ternorum
271 1924 376 1982 civium
382 1936 543 1983 mereamur
554 1940 622 1981 esse
636 1928 942 1998 consortesipamen.
997 1931 1058 1993 que
1073 1920 1112 1977 ad
1126 1924 1246 1978 noctem
1258 1937 1265 1977 τ
1277 1934 1296 1979 a
1309 1920 1445 1979 custodit.
1458 1922 1606 1979 matutino.
1625 1927 1724 1996 speret
1736 1919 1827 1983 israel

151 2014 209 2070 Per
219 2012 457 2072 misericordiam
472 2017 566 2072 tuam.
998 2004 1311 2075 innominatum
1325 2008 1408 2083 apud
1421 2004 1582 2068 Dominum
1597 2015 1643 2070 est
1657 2008 1825 2074 misericor-

149 2102 321 2175 Antiphone
331 2100 491 2170 2.Qurerlte
504 2099 707 2173 Dominum,ei
721 2096 942 2160 confortamini:
998 2095 1105 2155 dietat
1118 2098 1243 2172 copiosa
1262 2098 1344 2171 apud
1355 2110 1425 2155 eum
1444 2094 1625 2173 redemptio.

113 2191 143 2248 P.
157 2190 288 2258 Querite
301 2189 410 2249 faeiem
423 2186 486 2265 eius
498 2202 622 2265 semper.
643 2187 944 2249 ilementotemirebi·
1035 2184 1201 2243 Canticum.
1210 2180 1386 2244 Benedictus
1401 2200 1432 2245 es
1447 2184 1581 2246 Domine.
1592 2185 1651 2261 fot.
1663 2184 1692 2249 6.

111 2278 189 2336 lium
202 2278 351 2353 eiusque
380 2274 459 2337 iecit.
481 2279 514 2343 t.
537 2276 645 2337 semen
674 2278 837 2348 Abraham,
867 2280 945 2339 servi
1033 2271 1151 2332 Laudo.
1168 2274 1298 2333 laudate
1313 2272 1474 2333 bominum
1488 2270 1526 2335 de
1541 2272 1824 2341 assimulandus

113 2369 181 2440 ejus
193 2384 200 2423 :
211 2368 268 2424 iiiii
282 2368 386 2435 Jacob,
405 2367 489 2425 electi
501 2367 577 2440 eJ'us.
587 2363 620 2424 P.
635 2366 772 2435 Quaerite.
782 2366 817 2431 ti.
835 2367 943 2438 Gloria,
999 2376 1069 2422 eum
1079 2362 1111 2421 in
1125 2358 1258 2422 excelsis.
1269 2361 1405 2424 Psutmtu
1416 2378 1528 2425 amrin.

114 2462 143 2514 et
156 2458 267 2529 bonor,
286 2462 342 2515 etc.
1140 2448 1238 2511 Lectio
1251 2448 1322 2511 ture
1336 2452 1455 2513 Geraesto
1475 2450 1561 2531 (cap.
1572 2454 1679 2531 xum).

152 2543 269 2603 orosto
285 2540 679 2613 onerantibustedlcmlne,
693 2541 790 2603 tribue
800 2541 945 2604 torutudi-
1034 2548 1070 2615 ii.
1094 2534 1155 2598 Deo
1170 2541 1291 2611 mettas.

114 2646 185 2692 nem
195 2645 204 2703 ;
215 2638 245 2692 et
258 2632 405 2707 querenti
421 2639 452 2691 te
470 2630 580 2707 iugiter
596 2626 722 2691 iuiunde
740 2647 896 2692 amorem:
912 2638 946 2693 ut
1034 2627 1068 2686 ln
1081 2626 1140 2685 illis
1153 2626 1392 2703 mebnsztoseph
1410 2630 1519 2689 ductus
1530 2628 1575 2690 esi
1585 2630 1617 2691 ln
1647 2630 1822 2709 egyptum,

113 2725 166 2797 qni
184 2728 272 2781 tuam
286 2720 458 2780 desiderant
476 2734 596 2781 cernere
608 2719 727 2789 tactem,
740 2723 944 2797 perniciosam
998 2716 1822 2799 emitquecumPutipbareunuolrusPharaonisprinccps

114 2809 224 2869 mundi
242 2824 306 2869 non
333 2817 478 2885 appetant
501 2808 687 2886 voluptatem
700 2830 706 2871 :
718 2827 830 2885 eosque
845 2807 944 2869 seculi
998 2806 1144 2865 exercitus
1157 2800 1264 2877 suit’ir
1270 2804 1434 2881 AEgyptius,
1441 2806 1480 2865 de
1489 2822 1584 2867 manu
1593 2807 1821 2884 ismaelitarum,

113 2898 325 2959 blandimenta
335 2914 397 2958 non
410 2898 563 2961 detineant
572 2912 789 2975 usquequaque
799 2902 943 2975 captivom
998 2890 1138 2970 equibus
1148 2890 1311 2969 perductus
1325 2894 1524 2971 erctruitque
1540 2898 1684 2957 Dominus
1692 2916 1761 2959 cum
1776 2918 1824 2973 eo,

113 2993 150 3048 ut
157 2987 212 3047 lux
219 2988 321 3047 vultus
332 2990 375 3047 tui
391 2988 530 3048 clarificet
539 2984 604 3063 iem
617 2988 733 3048 beatos.
743 2996 777 3063 ip.
789 2993 894 3048 Arnen.
964 3026 984 3088 C
998 2989 1027 3043 et
1039 2988 1101 3043 eret
1116 2985 1158 3043 vir
1171 2981 1203 3041 in
1215 2982 1329 3043 cunctis
1344 2999 1489 3059 prospere
1498 3003 1590 3062 agens
1601 3006 1608 3046 :
1619 2984 1825 3066 habitavitque

153 3075 329 3150 scripturo
347 3084 374 3137 3.
390 3074 581 3147 lliserator‚et
591 3078 764 3137 misericors
777 3079 942 3140 Dominus:
997 3072 1029 3134 in
1042 3070 1134 3134 domo
1145 3070 1264 3134 Domini
1274 3070 1331 3148 sul,
1346 3074 1519 3150 quioptime
1530 3080 1826 3142 noveratllominum

114 3173 145 3228 et
158 3165 381 3240 longanimiact
393 3168 523 3226 mtdtum
532 3164 712 3226 misericors.
732 3163 820 3242 180
828 3171 893 3228 Nou
912 3169 945 3227 ln
998 3181 1063 3224 esse
1076 3179 1145 3222 cum
1160 3179 1206 3233 eo,
1227 3165 1445 3239 ctomnieque
1455 3173 1580 3240 gereret,
1595 3169 1634 3228 ab
1645 3186 1680 3227 eo
1690 3167 1779 3242 dirigi
1792 3170 1825 3230 in

112 3257 206 3316 mem
215 3255 418 3316 irasceturtp.
433 3259 534 3331 Neque
547 3253 578 3314 in
606 3261 752 3315 eternum
772 3255 945 3329 indignabi-
997 3250 1190 3314 mannillins.
1208 3251 1749 3330 invenitquelosephgratiamcorem
1762 3257 1825 3317 llo-

112 3352 168 3405 lur.
181 3347 214 3409 t.
230 3346 294 3404 Non
308 3341 476 3402 secundum
491 3345 615 3419 peccata
627 3351 731 3404 nostra
745 3342 815 3404 tecit
832 3344 942 3404 nobis:
997 3343 1081 3401 mino
1090 3346 1187 3413 suaet
1196 3339 1386 3399 ministrabat
1395 3338 1453 3412 el,a
1465 3355 1526 3415 quo
1536 3343 1715 3416 praepositus
1724 3343 1821 3405 omni-

108 3449 208 3509 nequo
223 3433 393 3491 meandum
401 3430 574 3508 iniquitates
587 3435 708 3492 nostras
727 3431 865 3494 retribuit
891 3447 945 3496 no·
996 3432 1065 3504 bus,
1081 3428 1271 3504 gubernabat
1282 3427 1421 3487 creditam
1429 3427 1487 3488 slbl
1494 3429 1630 3498 domum,
1643 3436 1672 3490 ot
1683 3433 1824 3496 universa

112 3522 170 3580 bis.
188 3523 221 3579 P.
235 3524 350 3596 Neque.
371 3521 404 3584 r.
421 3521 529 3590 Gloria,
539 3525 569 3580 et
580 3519 689 3594 honor,
703 3527 762 3581 etc.
997 3513 1824 3596 queecltreditaiucrant:benedixitqueDominusdomui

147 3609 255 3669 Oratio.
269 3607 567 3678 miseratorltomlua
578 3615 607 3668 ct
619 3608 787 3669 misericors
810 3625 872 3670 non
885 3606 943 3670 ire·
997 3607 1126 3683 AEgyptil
1134 3610 1256 3680 propter
1265 3601 1417 3678 iustitium
1426 3603 1634 3682 multiplicavit
1645 3610 1824 3671 taminaedi·

112 3701 208 3757 scaris
219 3696 309 3758 nobis
320 3699 352 3756 in
369 3695 478 3767 tinem3
495 3695 548 3757 sed
561 3702 708 3774 quantum
719 3697 809 3759 distat
840 3703 944 3759 Oriens
997 3695 1056 3754 bus
1070 3709 1164 3770 quem
1175 3695 1206 3751 in
1223 3695 1303 3765 agris
1315 3699 1455 3755 cunctam
1465 3695 1530 3771 ejus
1545 3697 1742 3760 substantiam
1753 3713 1825 3760 :neo

112 3788 156 3845 ab
171 3788 484 3862 Occasuiniquitatem
502 3805 656 3847 omneme
670 3789 758 3847 nobis
780 3790 899 3862 elonga,
916 3787 945 3848 et
998 3781 1163 3861 quicquam
1178 3783 1261 3842 aliud
1272 3790 1407 3859 noverat,
1420 3783 1479 3844 nisi
1489 3801 1600 3862 penem
1615 3801 1676 3864 quo
1686 3788 1825 3852 vescebar*

107 3879 196 3950 iuxta
207 3878 396 3936 altitudinem
408 3878 506 3935 coelia
523 3884 602 3937 terre
613 3875 736 3937 tuamin
751 3873 839 3936 noble
854 3878 944 3936 mise·
997 3875 1056 3934 tur.
1069 3873 1137 3933 ttrat
1148 3873 1370 3948 autemtoseph
1379 3873 1502 3949 pulcher
1516 3873 1633 3947 iactast
1646 3877 1825 3939 decorosus·

108 3967 276 4024 ricordiam
293 3966 395 4023 dilata.
411 3973 446 4039 ip.
462 3972 566 4024 emen.
997 3967 1098 4039 pectu.
1117 3960 1185 4021 Post
1193 3962 1303 4021 multos
1315 3962 1416 4038 itaque
1434 3961 1500 4022 dies
1511 3963 1615 4040 injecit
1629 3963 1753 4028 domina
1766 3985 1824 4030 sua

147 4055 207 4112 Per
220 4055 461 4113 misericordiam.
998 4049 1102 4113 oeulos
1113 4065 1185 4110 suos
1197 4051 1228 4109 in
1237 4053 1361 4126 loseph,
1375 4055 1403 4112 et
1417 4051 1474 4113 alt:
1487 4053 1589 4114 Dormi
1614 4073 1745 4116 meeum.
1766 4055 1824 4127 Qui

151 4156 187 4215 u.
202 4145 272 4199 iiaec
288 4142 359 4200 dicit
376 4144 540 4202 Dominus:
552 4139 653 4202 lliillxt
664 4137 814 4219 populum
841 4157 945 4203 meum
997 4139 1824 4219 nequequamasquiesoensoperineiario,dixitadeamt

109 4231 321 4291 nimiszeviis
336 4232 393 4288 suis
420 4249 483 4293 non
505 4247 574 4290 sum
596 4231 945 4307 reversismultiplicatse
999 4229 1072 4288 ecce
1086 4229 1824 4309 dominusmeus,omnlbusmibitraditis,ignoret

110 4325 188 4378 sunt
200 4315 277 4377 mihi
290 4315 382 4378 vidue
396 4321 461 4394 ejus
471 4333 663 4396 superorans
678 4319 815 4379 marial.
824 4321 946 4396 Propter
998 4315 1234 4393 quidhabcatin
1248 4315 1409 4378 dumosae
1424 4335 1498 4381 :nec
1517 4321 1681 4396 quicquam
1690 4323 1826 4399 estquod

108 4409 173 4468 hoc
184 4409 209 4467 si
224 4407 340 4482 egerint
353 4410 556 4484 paenitentiam
569 4407 678 4468 amalo
691 4423 756 4476 suo,
765 4405 946 4469 habitabunt
961 4379 984 4439 D
998 4421 1062 4466 non
1076 4407 1108 4466 ln
1120 4419 1190 4466 mea
1200 4408 1238 4465 sit
1248 4407 1401 4481 potestate,
1416 4409 1464 4466 vel
1476 4426 1539 4469 non
1559 4411 1712 4473 tradiderit
1738 4411 1823 4481 mihi,

108 4499 143 4557 in
158 4501 272 4556 terram
282 4499 398 4574 absque
414 4511 527 4572 pavore
539 4495 571 4556 lu
586 4494 855 4572 sempiternumtt.
868 4500 943 4557 Om·
998 4501 1148 4572 praeieris,
1159 4509 1228 4572 quae
1236 4509 1310 4556 uxor
1320 4493 1384 4570 eius
1394 4511 1441 4559 es:
1453 4501 1685 4576 quomodoergo
1700 4517 1825 4577 possum

108 4605 172 4648 nes
185 4587 250 4647 vies
264 4603 350 4648 meas
363 4585 525 4662 intelligere
544 4588 714 4656 noluerunt,
732 4594 767 4646 ut
792 4587 945 4663 pervenire
997 4581 1056 4644 hoo
1068 4583 1184 4644 malum
1193 4583 1332 4654 lecereet
1345 4599 1468 4662 peccare
1480 4590 1512 4646 in
1527 4591 1687 4650 [lominum
1702 4587 1826 4650 meum?

109 4677 248 4736 tuerent
258 4675 299 4735 ad
313 4691 363 4734 me
377 4675 540 4736 clamorem
552 4674 649 4750 egeni,
664 4681 692 4735 et
712 4677 817 4734 audim
836 4688 943 4737 vocem
999 4672 1213 4749 Huiuscemodi
1220 4675 1318 4733 verbis
1328 4688 1383 4750 per
1395 4675 1821 4754 singulosdiesloquabnntnr,

111 4764 269 4840 pauperis.
278 4765 308 4822 Ρ.
321 4768 452 4839 Propter.
469 4764 500 4827 t.
517 4763 624 4834 Gloria,
638 4768 667 4822 et
680 4765 788 4832 honor,
808 4769 863 4824 etc.
998 4769 1028 4821 et
1042 4763 1148 4822 mulier
1158 4763 1285 4824 molesta
1296 4769 1359 4824 eret
1369 4763 1592 4837 adolescentiet
1603 4767 1652 4826 ille
1665 4769 1828 4832 recusabat

149 4855 263 4914 Oratio
278 4855 428 4913 Protector
441 4859 543 4914 noster
554 4851 688 4921 Domine,
714 4859 946 4916 convertenosa
1000 4857 1148 4926 stuprum.
1162 4851 1275 4912 Accidit
1299 4857 1400 4913 autem
1429 4858 1565 4932 quadam
1579 4855 1638 4927 die,
1659 4861 1691 4918 ut
1702 4857 1827 4921 intraret

110 4943 169 5003 viis
180 4942 293 5003 nostris
303 4939 945 5019 pravis,ctirebitarcnosiacabsqucpavore
997 4939 1105 5016 ioseph
1115 4939 1283 5011 domamur
1295 4945 1393 5018 operis
1408 4945 1565 5020 quippiam
1580 4947 1696 5022 absque
1710 4949 1827 5010 arbitria

111 5031 144 5092 ln
155 5037 236 5094 terra
245 5027 596 5092 hereditatisnostraezac
608 5031 651 5090 sic
662 5045 719 5090 nos
728 5029 945 5092 liberatostldei
997 5029 1108 5089 laceret
1120 5047 1127 5088 :
1141 5033 1170 5090 et
1183 5031 1234 5091 illa
1246 5033 1437 5108 apprehensa
1447 5031 1557 5094 lacinia
1571 5035 1741 5099 vestimenti
1750 5041 1826 5112 ejus,

107 5121 320 5182 moderamine
337 5122 466 5188 contine,
495 5124 528 5180 ut
549 5135 605 5179 nec
630 5121 828 5195 prosperitate
842 5119 944 5180 seculi
998 5118 1377 5182 diceretrltormimecum.
1392 5123 1562 5192 Quirelicto
1587 5125 1620 5187 ln
1648 5144 1741 5188 manu
1760 5125 1826 5198 ejus

108 5210 300 5277 extollamur,
315 5226 372 5267 nec
384 5207 577 5269 invidlhostie
587 5209 766 5270 adversitate
777 5209 943 5280 turbemur,
998 5205 1220 5281 pallio,iugit,et
1236 5223 1373 5281 egressus
1387 5215 1433 5271 est
1444 5211 1537 5272 toras.
1554 5217 1690 5292 Cumque
1703 5213 1826 5272 vidisset

107 5302 154 5357 vel
164 5301 336 5359 facinorum
345 5299 452 5357 nubilo
471 5299 704 5369 obumbramen
715 5298 770 5355 sed
789 5301 945 5372 sperantes
997 5295 1104 5355 muller
1115 5301 1229 5358 vestem
1241 5297 1272 5357 lu
1286 5299 1429 5360 manibus
1439 5305 1510 5372 suis,
1522 5309 1550 5363 et
1563 5321 1595 5363 se
1610 5321 1674 5362 esse
1690 5307 1824 5358 contem·

103 5389 138 5446 in
150 5393 193 5458 te,
207 5405 397 5463 quesumus,
410 5391 444 5446 ut
455 5403 513 5448 nos
526 5387 558 5448 ln
568 5395 619 5450 tua
631 5386 749 5463 iusdtia
755 5387 874 5455 liberes,
888 5402 945 5445 nec
997 5393 1092 5461 ptem,
1103 5389 1222 5447 vocavit
1233 5389 1273 5448 ed
1283 5405 1314 5450 se
1325 5389 1464 5452 homines
1474 5393 1582 5452 domus
1601 5407 1675 5464 sue,
1689 5395 1718 5449 et
1730 5389 1772 5449 alt
1785 5387 1826 5448 ed

105 5475 266 5552 condigna
285 5493 343 5554 pro
373 5475 514 5540 ornum
533 5475 611 5554 iuste
623 5489 763 5554 repenses
776 5491 784 5540 t
797 5475 946 5558 tnlunum
998 5489 1050 5559 eos
1062 5489 1069 5538 τ
1081 5473 1301 5546 marcessit
1319 5477 1418 5548 vuum
1437 5477 1607 5557 Hebraeum,
1631 5481 1665 5546 ut
1690 5477 1828 5560 illuderet
