<?xml version="1.0" encoding="UTF-8"?>
<!DOCTYPE html PUBLIC "-//W3C//DTD XHTML 1.0 Transitional//EN"
    "http://www.w3.org/TR/xhtml1/DTD/xhtml1-transitional.dtd">
<html xmlns="http://www.w3.org/1999/xhtml" xml:lang="en" lang="en">
 <head>
  <title>
</title>
<meta http-equiv="Content-Type" content="text/html;charset=utf-8" />
  <meta name='ocr-system' content='tesseract 3.04.00' />
  <meta name='ocr-capabilities' content='ocr_page ocr_carea ocr_par ocr_line ocrx_word'/>
</head>
<body>
  <div class='ocr_page' id='page_1' title='image "./patrologiaecurs129unkngoog/patrologiaecurs129unkngoog_0433.png"; bbox 0 0 4117 6175; ppageno 0'>
   <div class='ocr_carea' id='block_1_1' title="bbox 156 242 1856 324">
    <p class='ocr_par' dir='ltr' id='par_1_1' title="bbox 156 242 1856 324">
     <span class='ocr_line' id='line_1_1' title="bbox 156 242 1856 324; baseline 0.015 -25"><span class='ocrx_word' id='word_1_1' title='bbox 156 242 209 300; x_wconf 87' lang='grc'>857</span> <span class='ocrx_word' id='word_1_2' title='bbox 895 248 1059 311; x_wconf 73' lang='lat' dir='ltr'>unctius.</span> <span class='ocrx_word' id='word_1_3' title='bbox 1803 268 1856 324; x_wconf 89' lang='grc'>858</span> 
     </span>
    </p>
   </div>
   <div class='ocr_carea' id='block_1_2' title="bbox 153 366 1854 725">
    <p class='ocr_par' dir='ltr' id='par_1_2' title="bbox 154 366 1854 543">
     <span class='ocr_line' id='line_1_2' title="bbox 186 366 1854 455; baseline 0.015 -29"><span class='ocrx_word' id='word_1_4' title='bbox 186 366 974 446; x_wconf 74' lang='lat' dir='ltr'>Numquidcoutorquerequasicirculumcaputsuum:</span> <span class='ocrx_word' id='word_1_5' title='bbox 990 380 1015 435; x_wconf 79' lang='lat' dir='ltr'>a</span> <span class='ocrx_word' id='word_1_6' title='bbox 1064 380 1160 446; x_wconf 84' lang='lat' dir='ltr'>ocare</span> <span class='ocrx_word' id='word_1_7' title='bbox 1175 394 1246 452; x_wconf 75' lang='lat' dir='ltr'>ergo</span> <span class='ocrx_word' id='word_1_8' title='bbox 1259 383 1289 438; x_wconf 92' lang='lat' dir='ltr'>in</span> <span class='ocrx_word' id='word_1_9' title='bbox 1303 384 1477 455; x_wconf 88' lang='lat' dir='ltr'>parpetuum</span> <span class='ocrx_word' id='word_1_10' title='bbox 1484 384 1668 446; x_wconf 87' lang='lat' dir='ltr'>oblivisceris</span> <span class='ocrx_word' id='word_1_11' title='bbox 1679 390 1790 449; x_wconf 77' lang='lat' dir='ltr'><strong>nostri:</strong></span> <span class='ocrx_word' id='word_1_12' title='bbox 1801 391 1854 451; x_wconf 90' lang='lat' dir='ltr'>de·</span> 
     </span>
     <span class='ocr_line' id='line_1_3' title="bbox 154 455 1619 543; baseline 0.014 -31"><span class='ocrx_word' id='word_1_13' title='bbox 154 459 182 513; x_wconf 89' lang='lat' dir='ltr'>et</span> <span class='ocrx_word' id='word_1_14' title='bbox 190 471 313 513; x_wconf 84' lang='lat' dir='ltr'>saccum</span> <span class='ocrx_word' id='word_1_15' title='bbox 324 460 352 513; x_wconf 90' lang='lat' dir='ltr'>ct</span> <span class='ocrx_word' id='word_1_16' title='bbox 367 455 496 515; x_wconf 87' lang='lat' dir='ltr'>cinerem</span> <span class='ocrx_word' id='word_1_17' title='bbox 516 461 647 517; x_wconf 85' lang='lat' dir='ltr'>sternere</span> <span class='ocrx_word' id='word_1_18' title='bbox 661 460 675 516; x_wconf 86' lang='lat' dir='ltr'>l</span> <span class='ocrx_word' id='word_1_19' title='bbox 1029 466 1180 543; x_wconf 89' lang='lat' dir='ltr'>relinques</span> <span class='ocrx_word' id='word_1_20' title='bbox 1189 486 1243 529; x_wconf 91' lang='lat' dir='ltr'>noe</span> <span class='ocrx_word' id='word_1_21' title='bbox 1255 471 1287 529; x_wconf 91' lang='lat' dir='ltr'>in</span> <span class='ocrx_word' id='word_1_22' title='bbox 1296 472 1482 542; x_wconf 79' lang='lat' dir='ltr'>longitudine</span> <span class='ocrx_word' id='word_1_23' title='bbox 1495 472 1619 532; x_wconf 89' lang='lat' dir='ltr'>dicrum.</span> 
     </span>
    </p>

    <p class='ocr_par' dir='ltr' id='par_1_3' title="bbox 153 544 1851 725">
     <span class='ocr_line' id='line_1_4' title="bbox 188 544 1851 630; baseline 0.017 -29"><span class='ocrx_word' id='word_1_24' title='bbox 188 545 339 619; x_wconf 83' lang='lat' dir='ltr'><strong>Numquid</strong></span> <span class='ocrx_word' id='word_1_25' title='bbox 348 544 439 603; x_wconf 88' lang='lat' dir='ltr'>istum</span> <span class='ocrx_word' id='word_1_26' title='bbox 453 547 561 605; x_wconf 77' lang='lat' dir='ltr'>vocabi</span> <span class='ocrx_word' id='word_1_27' title='bbox 576 548 739 607; x_wconf 90' lang='lat' dir='ltr'>ieiunium:</span> <span class='ocrx_word' id='word_1_28' title='bbox 755 552 785 607; x_wconf 91' lang='lat' dir='ltr'>et</span> <span class='ocrx_word' id='word_1_29' title='bbox 792 549 874 609; x_wconf 90' lang='lat' dir='ltr'>diem</span> <span class='ocrx_word' id='word_1_30' title='bbox 889 568 974 611; x_wconf 86' lang='lat' dir='ltr'>acca·</span> <span class='ocrx_word' id='word_1_31' title='bbox 1065 559 1206 617; x_wconf 82' lang='lat' dir='ltr'>converte</span> <span class='ocrx_word' id='word_1_32' title='bbox 1217 576 1274 618; x_wconf 88' lang='lat' dir='ltr'>noe</span> <span class='ocrx_word' id='word_1_33' title='bbox 1284 560 1409 617; x_wconf 87' lang='lat' dir='ltr'>Domino</span> <span class='ocrx_word' id='word_1_34' title='bbox 1423 562 1460 618; x_wconf 91' lang='lat' dir='ltr'>ad</span> <span class='ocrx_word' id='word_1_35' title='bbox 1475 565 1505 619; x_wconf 87' lang='lat' dir='ltr'>te</span> <span class='ocrx_word' id='word_1_36' title='bbox 1523 568 1551 621; x_wconf 92' lang='lat' dir='ltr'>et</span> <span class='ocrx_word' id='word_1_37' title='bbox 1560 570 1788 630; x_wconf 79' lang='lat' dir='ltr'><strong>convertemur:</strong></span> <span class='ocrx_word' id='word_1_38' title='bbox 1803 584 1851 629; x_wconf 84' lang='lat' dir='ltr'>re·</span> 
     </span>
     <span class='ocr_line' id='line_1_5' title="bbox 153 632 1583 725; baseline 0.011 -34"><span class='ocrx_word' id='word_1_39' title='bbox 153 632 297 707; x_wconf 87' lang='lat' dir='ltr'>ptebilcm</span> <span class='ocrx_word' id='word_1_40' title='bbox 312 632 465 692; x_wconf 79' lang='lat' dir='ltr'>Domino?</span> <span class='ocrx_word' id='word_1_41' title='bbox 1029 646 1181 705; x_wconf 83' lang='lat' dir='ltr'>nobedies</span> <span class='ocrx_word' id='word_1_42' title='bbox 1191 653 1307 707; x_wconf 90' lang='lat' dir='ltr'>nostros</span> <span class='ocrx_word' id='word_1_43' title='bbox 1317 650 1583 725; x_wconf 86' lang='lat' dir='ltr'>sicutupriucipio.</span> 
     </span>
    </p>
   </div>
   <div class='ocr_carea' id='block_1_3' title="bbox 190 721 1850 887">
    <p class='ocr_par' dir='ltr' id='par_1_4' title="bbox 190 721 1850 887">
     <span class='ocr_line' id='line_1_6' title="bbox 190 721 1850 812; baseline 0.016 -33"><span class='ocrx_word' id='word_1_44' title='bbox 190 724 294 780; x_wconf 77' lang='lat' dir='ltr'>Nonne</span> <span class='ocrx_word' id='word_1_45' title='bbox 307 721 366 780; x_wconf 90' lang='lat' dir='ltr'>boe</span> <span class='ocrx_word' id='word_1_46' title='bbox 379 725 424 779; x_wconf 82' lang='lat' dir='ltr'>est</span> <span class='ocrx_word' id='word_1_47' title='bbox 438 723 535 795; x_wconf 71' lang='lat' dir='ltr'>magis</span> <span class='ocrx_word' id='word_1_48' title='bbox 551 744 557 784; x_wconf 93' lang='lat'><strong>:</strong></span> <span class='ocrx_word' id='word_1_49' title='bbox 576 724 721 784; x_wconf 90' lang='lat' dir='ltr'>ieiunium</span> <span class='ocrx_word' id='word_1_50' title='bbox 733 728 817 802; x_wconf 82' lang='lat' dir='ltr'>qrrcd</span> <span class='ocrx_word' id='word_1_51' title='bbox 830 729 919 802; x_wconf 80' lang='lat' dir='ltr'>elegi.</span> <span class='ocrx_word' id='word_1_52' title='bbox 1066 734 1123 793; x_wconf 88' lang='lat' dir='ltr'>Sed</span> <span class='ocrx_word' id='word_1_53' title='bbox 1132 736 1435 812; x_wconf 86' lang='lat' dir='ltr'>proiciensrappullsti</span> <span class='ocrx_word' id='word_1_54' title='bbox 1443 755 1500 798; x_wconf 91' lang='lat' dir='ltr'>nos</span> <span class='ocrx_word' id='word_1_55' title='bbox 1516 754 1522 799; x_wconf 92' lang='lat'>:</span> <span class='ocrx_word' id='word_1_56' title='bbox 1534 740 1628 799; x_wconf 89' lang='lat' dir='ltr'>iratus</span> <span class='ocrx_word' id='word_1_57' title='bbox 1637 757 1669 801; x_wconf 92' lang='lat' dir='ltr'>es</span> <span class='ocrx_word' id='word_1_58' title='bbox 1681 748 1785 806; x_wconf 83' lang='lat' dir='ltr'>contre</span> <span class='ocrx_word' id='word_1_59' title='bbox 1793 762 1850 805; x_wconf 91' lang='lat' dir='ltr'>nos</span> 
     </span>
     <span class='ocr_line' id='line_1_7' title="bbox 190 810 1210 887; baseline 0.016 -20"><span class='ocrx_word' id='word_1_60' title='bbox 190 810 323 869; x_wconf 83' lang='lat' dir='ltr'>Dissolse</span> <span class='ocrx_word' id='word_1_61' title='bbox 329 810 534 882; x_wconf 77' lang='lat' dir='ltr'>colligationes</span> <span class='ocrx_word' id='word_1_62' title='bbox 546 812 709 887; x_wconf 87' lang='lat' dir='ltr'>impietatis</span> <span class='ocrx_word' id='word_1_63' title='bbox 726 837 732 877; x_wconf 92' lang='lat'>:</span> <span class='ocrx_word' id='word_1_64' title='bbox 749 816 833 875; x_wconf 81' lang='lat' dir='ltr'>solve</span> <span class='ocrx_word' id='word_1_65' title='bbox 846 817 976 877; x_wconf 82' lang='lat' dir='ltr'>fascieu·</span> <span class='ocrx_word' id='word_1_66' title='bbox 1029 827 1210 883; x_wconf 78' lang='lat' dir='ltr'>veementer.</span> 
     </span>
    </p>
   </div>
   <div class='ocr_carea' id='block_1_4' title="bbox 139 899 1852 2848">
    <p class='ocr_par' dir='ltr' id='par_1_5' title="bbox 139 899 1852 2848">
     <span class='ocr_line' id='line_1_8' title="bbox 154 899 1468 974; baseline 0.013 -17"><span class='ocrx_word' id='word_1_67' title='bbox 154 899 201 958; x_wconf 90' lang='lat' dir='ltr'>los</span> <span class='ocrx_word' id='word_1_68' title='bbox 217 899 426 973; x_wconf 85' lang='lat' dir='ltr'>deprimentes.</span> <span class='ocrx_word' id='word_1_69' title='bbox 1402 918 1468 974; x_wconf 84' lang='lat' dir='ltr'>lilii.</span> 
     </span>
     <span class='ocr_line' id='line_1_9' title="bbox 190 988 1761 1079; baseline 0.014 -34"><span class='ocrx_word' id='word_1_70' title='bbox 190 988 308 1045; x_wconf 77' lang='lat' dir='ltr'>Dimitte</span> <span class='ocrx_word' id='word_1_71' title='bbox 317 1004 368 1046; x_wconf 86' lang='lat' dir='ltr'>eos</span> <span class='ocrx_word' id='word_1_72' title='bbox 382 988 434 1063; x_wconf 88' lang='lat' dir='ltr'>qui</span> <span class='ocrx_word' id='word_1_73' title='bbox 447 988 588 1048; x_wconf 75' lang='lat' dir='ltr'>contracti</span> <span class='ocrx_word' id='word_1_74' title='bbox 605 999 674 1049; x_wconf 89' lang='lat' dir='ltr'>sunt</span> <span class='ocrx_word' id='word_1_75' title='bbox 698 992 807 1053; x_wconf 88' lang='lat' dir='ltr'>liberos</span> <span class='ocrx_word' id='word_1_76' title='bbox 822 998 870 1054; x_wconf 90' lang='lat' dir='ltr'>:et</span> <span class='ocrx_word' id='word_1_77' title='bbox 882 1012 975 1054; x_wconf 90' lang='lat' dir='ltr'>omuc</span> <span class='ocrx_word' id='word_1_78' title='bbox 1118 1004 1497 1079; x_wconf 60' lang='lat' dir='ltr'>emmeramnmmssunrns]</span> <span class='ocrx_word' id='word_1_79' title='bbox 1506 1022 1719 1067; x_wconf 81' lang='lat' dir='ltr'>urcrnsossnns</span> <span class='ocrx_word' id='word_1_80' title='bbox 1730 1024 1761 1067; x_wconf 89' lang='grc' dir='ltr'>ιι.</span> 
     </span>
     <span class='ocr_line' id='line_1_10' title="bbox 152 1076 1528 1165; baseline 0.013 -30"><span class='ocrx_word' id='word_1_81' title='bbox 152 1076 367 1135; x_wconf 86' lang='lat' dir='ltr'>honuscorum</span> <span class='ocrx_word' id='word_1_82' title='bbox 386 1078 550 1151; x_wconf 81' lang='lat' dir='ltr'>disrumpe.</span> <span class='ocrx_word' id='word_1_83' title='bbox 1353 1092 1487 1165; x_wconf 79' lang='lat' dir='ltr'>capituto</span> <span class='ocrx_word' id='word_1_84' title='bbox 1500 1095 1528 1153; x_wconf 90' lang='lat' dir='ltr'>t.</span> 
     </span>
     <span class='ocr_line' id='line_1_11' title="bbox 189 1166 1851 1258; baseline 0.013 -34"><span class='ocrx_word' id='word_1_85' title='bbox 189 1168 303 1237; x_wconf 73' lang='lat' dir='ltr'>Frange</span> <span class='ocrx_word' id='word_1_86' title='bbox 317 1166 456 1225; x_wconf 76' lang='lat' dir='ltr'>esurienti</span> <span class='ocrx_word' id='word_1_87' title='bbox 468 1182 579 1240; x_wconf 87' lang='lat' dir='ltr'>panem</span> <span class='ocrx_word' id='word_1_88' title='bbox 589 1175 675 1227; x_wconf 91' lang='lat' dir='ltr'>tuum</span> <span class='ocrx_word' id='word_1_89' title='bbox 687 1188 696 1226; x_wconf 85' lang='grc' dir='ltr'>ι</span> <span class='ocrx_word' id='word_1_90' title='bbox 711 1173 740 1229; x_wconf 90' lang='lat' dir='ltr'>et</span> <span class='ocrx_word' id='word_1_91' title='bbox 754 1185 976 1247; x_wconf 75' lang='lat' dir='ltr'>egenossagos·</span> <span class='ocrx_word' id='word_1_92' title='bbox 1064 1179 1139 1239; x_wconf 85' lang='lat' dir='ltr'>Ana.</span> <span class='ocrx_word' id='word_1_93' title='bbox 1149 1180 1289 1239; x_wconf 78' lang='lat' dir='ltr'>Miserere</span> <span class='ocrx_word' id='word_1_94' title='bbox 1298 1181 1376 1239; x_wconf 85' lang='lat' dir='ltr'>Deus</span> <span class='ocrx_word' id='word_1_95' title='bbox 1389 1184 1647 1253; x_wconf 72' lang='lat' dir='ltr'>macretas-sititis</span> <span class='ocrx_word' id='word_1_96' title='bbox 1658 1186 1710 1258; x_wconf 82' lang='lat' dir='ltr'>qui</span> <span class='ocrx_word' id='word_1_97' title='bbox 1722 1188 1851 1245; x_wconf 81' lang='lat' dir='ltr'>custodis</span> 
     </span>
     <span class='ocr_line' id='line_1_12' title="bbox 151 1254 1852 1343; baseline 0.012 -29"><span class='ocrx_word' id='word_1_98' title='bbox 151 1269 211 1328; x_wconf 84' lang='lat' dir='ltr'>quc</span> <span class='ocrx_word' id='word_1_99' title='bbox 226 1254 318 1312; x_wconf 86' lang='lat' dir='ltr'>induc</span> <span class='ocrx_word' id='word_1_100' title='bbox 332 1256 363 1312; x_wconf 89' lang='lat' dir='ltr'>in</span> <span class='ocrx_word' id='word_1_101' title='bbox 377 1254 602 1314; x_wconf 69' lang='lat' dir='ltr'>domumtuom·</span> <span class='ocrx_word' id='word_1_102' title='bbox 1026 1274 1180 1340; x_wconf 83' lang='lat' dir='ltr'>portumct</span> <span class='ocrx_word' id='word_1_103' title='bbox 1193 1271 1426 1329; x_wconf 74' lang='lat' dir='ltr'>misericordium</span> <span class='ocrx_word' id='word_1_104' title='bbox 1437 1272 1632 1343; x_wconf 68' lang='lat' dir='ltr'>dispectione</span> <span class='ocrx_word' id='word_1_105' title='bbox 1649 1280 1676 1333; x_wconf 84' lang='lat' dir='ltr'>tc</span> <span class='ocrx_word' id='word_1_106' title='bbox 1704 1280 1731 1333; x_wconf 87' lang='lat' dir='ltr'>et</span> <span class='ocrx_word' id='word_1_107' title='bbox 1758 1283 1852 1335; x_wconf 82' lang='lat' dir='ltr'>custo-</span> 
     </span>
     <span class='ocr_line' id='line_1_13' title="bbox 186 1342 1413 1419; baseline 0.014 -21"><span class='ocrx_word' id='word_1_108' title='bbox 186 1344 286 1409; x_wconf 74' lang='lat' dir='ltr'>Quum</span> <span class='ocrx_word' id='word_1_109' title='bbox 293 1342 972 1419; x_wconf 82' lang='lat' dir='ltr'>siderisnudumoperieum:etcmnemtuam</span> <span class='ocrx_word' id='word_1_110' title='bbox 1027 1358 1172 1415; x_wconf 62' lang='lat' dir='ltr'>bentibus</span> <span class='ocrx_word' id='word_1_111' title='bbox 1186 1360 1330 1418; x_wconf 82' lang='lat' dir='ltr'>urondoto</span> <span class='ocrx_word' id='word_1_112' title='bbox 1350 1364 1413 1417; x_wconf 82' lang='lat' dir='ltr'>tuo.</span> 
     </span>
     <span class='ocr_line' id='line_1_14' title="bbox 151 1430 1851 1524; baseline 0.012 -35"><span class='ocrx_word' id='word_1_113' title='bbox 151 1446 191 1489; x_wconf 92' lang='lat' dir='ltr'>na</span> <span class='ocrx_word' id='word_1_114' title='bbox 200 1430 372 1505; x_wconf 85' lang='lat' dir='ltr'>dispexeris.</span> <span class='ocrx_word' id='word_1_115' title='bbox 1064 1447 1160 1513; x_wconf 81' lang='lat' dir='ltr'>oueso</span> <span class='ocrx_word' id='word_1_116' title='bbox 1171 1447 1295 1504; x_wconf 83' lang='lat' dir='ltr'>Domine</span> <span class='ocrx_word' id='word_1_117' title='bbox 1308 1447 1387 1505; x_wconf 87' lang='lat' dir='ltr'>Deus</span> <span class='ocrx_word' id='word_1_118' title='bbox 1396 1447 1451 1505; x_wconf 91' lang='lat' dir='ltr'>celi</span> <span class='ocrx_word' id='word_1_119' title='bbox 1460 1448 1757 1524; x_wconf 74' lang='lat' dir='ltr'>tortismessneatque</span> <span class='ocrx_word' id='word_1_120' title='bbox 1767 1453 1851 1510; x_wconf 79' lang='lat' dir='ltr'>urri-</span> 
     </span>
     <span class='ocr_line' id='line_1_15' title="bbox 185 1519 1850 1609; baseline 0.012 -32"><span class='ocrx_word' id='word_1_121' title='bbox 185 1519 269 1578; x_wconf 83' lang='lat' dir='ltr'>Tunc</span> <span class='ocrx_word' id='word_1_122' title='bbox 275 1523 413 1594; x_wconf 87' lang='lat' dir='ltr'>erumpet</span> <span class='ocrx_word' id='word_1_123' title='bbox 424 1521 513 1595; x_wconf 87' lang='lat' dir='ltr'>quasi</span> <span class='ocrx_word' id='word_1_124' title='bbox 521 1537 608 1580; x_wconf 87' lang='lat' dir='ltr'>manc</span> <span class='ocrx_word' id='word_1_125' title='bbox 621 1522 724 1583; x_wconf 90' lang='lat' dir='ltr'>lumen</span> <span class='ocrx_word' id='word_1_126' title='bbox 738 1528 825 1585; x_wconf 93' lang='lat' dir='ltr'>tuum</span> <span class='ocrx_word' id='word_1_127' title='bbox 838 1530 885 1585; x_wconf 85' lang='lat' dir='ltr'>:st</span> <span class='ocrx_word' id='word_1_128' title='bbox 894 1530 973 1587; x_wconf 88' lang='lat' dir='ltr'>sani·</span> <span class='ocrx_word' id='word_1_129' title='bbox 1026 1534 1114 1591; x_wconf 92' lang='lat' dir='ltr'>bilis:</span> <span class='ocrx_word' id='word_1_130' title='bbox 1130 1535 1184 1608; x_wconf 87' lang='lat' dir='ltr'>qul</span> <span class='ocrx_word' id='word_1_131' title='bbox 1195 1535 1326 1593; x_wconf 89' lang='lat' dir='ltr'>custodis</span> <span class='ocrx_word' id='word_1_132' title='bbox 1340 1540 1463 1609; x_wconf 91' lang='lat' dir='ltr'>pactum</span> <span class='ocrx_word' id='word_1_133' title='bbox 1485 1541 1515 1595; x_wconf 90' lang='lat' dir='ltr'>et</span> <span class='ocrx_word' id='word_1_134' title='bbox 1527 1538 1765 1596; x_wconf 91' lang='lat' dir='ltr'>misericordiam</span> <span class='ocrx_word' id='word_1_135' title='bbox 1781 1555 1850 1597; x_wconf 90' lang='lat' dir='ltr'>cum</span> 
     </span>
     <span class='ocr_line' id='line_1_16' title="bbox 151 1608 1775 1699; baseline 0.014 -35"><span class='ocrx_word' id='word_1_136' title='bbox 151 1612 197 1665; x_wconf 78' lang='lat' dir='ltr'>tus</span> <span class='ocrx_word' id='word_1_137' title='bbox 209 1612 279 1665; x_wconf 89' lang='lat' dir='ltr'>tuas</span> <span class='ocrx_word' id='word_1_138' title='bbox 291 1608 380 1666; x_wconf 87' lang='lat' dir='ltr'>eitius</span> <span class='ocrx_word' id='word_1_139' title='bbox 390 1610 513 1668; x_wconf 88' lang='lat' dir='ltr'>orietur.</span> <span class='ocrx_word' id='word_1_140' title='bbox 1026 1623 1075 1681; x_wconf 91' lang='lat' dir='ltr'>bls</span> <span class='ocrx_word' id='word_1_141' title='bbox 1088 1624 1141 1699; x_wconf 87' lang='lat' dir='ltr'>qui</span> <span class='ocrx_word' id='word_1_142' title='bbox 1150 1622 1279 1695; x_wconf 79' lang='lat' dir='ltr'>diligunt</span> <span class='ocrx_word' id='word_1_143' title='bbox 1290 1628 1319 1682; x_wconf 93' lang='lat' dir='ltr'>te</span> <span class='ocrx_word' id='word_1_144' title='bbox 1335 1628 1364 1683; x_wconf 89' lang='lat' dir='ltr'>et</span> <span class='ocrx_word' id='word_1_145' title='bbox 1375 1626 1548 1683; x_wconf 90' lang='lat' dir='ltr'>custodiunt</span> <span class='ocrx_word' id='word_1_146' title='bbox 1561 1626 1775 1686; x_wconf 80' lang='lat' dir='ltr'>mandatotua.</span> 
     </span>
     <span class='ocr_line' id='line_1_17' title="bbox 184 1695 1850 1789; baseline 0.013 -37"><span class='ocrx_word' id='word_1_147' title='bbox 184 1696 351 1755; x_wconf 83' lang='lat' dir='ltr'>litanteibit</span> <span class='ocrx_word' id='word_1_148' title='bbox 364 1695 471 1755; x_wconf 86' lang='lat' dir='ltr'>leolam</span> <span class='ocrx_word' id='word_1_149' title='bbox 484 1702 568 1756; x_wconf 87' lang='lat' dir='ltr'>tuam</span> <span class='ocrx_word' id='word_1_150' title='bbox 577 1698 690 1759; x_wconf 90' lang='lat' dir='ltr'>iustitia</span> <span class='ocrx_word' id='word_1_151' title='bbox 705 1705 753 1760; x_wconf 88' lang='lat' dir='ltr'>:et</span> <span class='ocrx_word' id='word_1_152' title='bbox 765 1703 863 1775; x_wconf 76' lang='lat' dir='ltr'>gloria</span> <span class='ocrx_word' id='word_1_153' title='bbox 873 1705 973 1765; x_wconf 88' lang='lat' dir='ltr'>Domi·</span> <span class='ocrx_word' id='word_1_154' title='bbox 989 1716 1013 1773; x_wconf 85' lang='grc' dir='ltr'><strong>Β</strong></span> <span class='ocrx_word' id='word_1_155' title='bbox 1063 1712 1123 1770; x_wconf 79' lang='lat' dir='ltr'>Fiat</span> <span class='ocrx_word' id='word_1_156' title='bbox 1136 1712 1217 1770; x_wconf 76' lang='lat' dir='ltr'>suns</span> <span class='ocrx_word' id='word_1_157' title='bbox 1231 1716 1284 1771; x_wconf 92' lang='lat' dir='ltr'>tua</span> <span class='ocrx_word' id='word_1_158' title='bbox 1296 1714 1450 1771; x_wconf 76' lang='lat' dir='ltr'>occultans</span> <span class='ocrx_word' id='word_1_159' title='bbox 1471 1716 1499 1772; x_wconf 92' lang='lat' dir='ltr'>et</span> <span class='ocrx_word' id='word_1_160' title='bbox 1515 1713 1594 1772; x_wconf 91' lang='lat' dir='ltr'>oculi</span> <span class='ocrx_word' id='word_1_161' title='bbox 1618 1714 1661 1773; x_wconf 89' lang='lat' dir='ltr'>tui</span> <span class='ocrx_word' id='word_1_162' title='bbox 1688 1716 1782 1789; x_wconf 92' lang='lat' dir='ltr'>aperti</span> <span class='ocrx_word' id='word_1_163' title='bbox 1798 1719 1850 1777; x_wconf 92' lang='lat' dir='ltr'>:ut</span> 
     </span>
     <span class='ocr_line' id='line_1_18' title="bbox 149 1783 1849 1878; baseline 0.005 -25"><span class='ocrx_word' id='word_1_164' title='bbox 149 1783 354 1855; x_wconf 60' lang='lat' dir='ltr'>ssifflffisstllss·</span> <span class='ocrx_word' id='word_1_165' title='bbox 1025 1800 1307 1859; x_wconf 83' lang='lat' dir='ltr'>eudiasoratlouem</span> <span class='ocrx_word' id='word_1_166' title='bbox 1321 1801 1447 1859; x_wconf 86' lang='lat' dir='ltr'>servitui</span> <span class='ocrx_word' id='word_1_167' title='bbox 1465 1816 1522 1875; x_wconf 90' lang='lat' dir='ltr'>que</span> <span class='ocrx_word' id='word_1_168' title='bbox 1536 1818 1593 1875; x_wconf 74' lang='lat' dir='ltr'>ego</span> <span class='ocrx_word' id='word_1_169' title='bbox 1605 1817 1657 1860; x_wconf 93' lang='lat' dir='ltr'>oro</span> <span class='ocrx_word' id='word_1_170' title='bbox 1677 1818 1807 1878; x_wconf 89' lang='lat' dir='ltr'>quoram</span> <span class='ocrx_word' id='word_1_171' title='bbox 1821 1806 1849 1862; x_wconf 90' lang='lat' dir='ltr'>ts</span> 
     </span>
     <span class='ocr_line' id='line_1_19' title="bbox 184 1871 1739 1964; baseline 0.012 -36"><span class='ocrx_word' id='word_1_172' title='bbox 184 1871 611 1934; x_wconf 81' lang='lat' dir='ltr'>Tuucinsouabisetilomiuus</span> <span class='ocrx_word' id='word_1_173' title='bbox 623 1877 779 1937; x_wconf 84' lang='lat' dir='ltr'>exaudiet:</span> <span class='ocrx_word' id='word_1_174' title='bbox 790 1880 973 1941; x_wconf 85' lang='lat' dir='ltr'>clamabiset</span> <span class='ocrx_word' id='word_1_175' title='bbox 1025 1888 1094 1946; x_wconf 89' lang='lat' dir='ltr'>odie</span> <span class='ocrx_word' id='word_1_176' title='bbox 1107 1893 1192 1947; x_wconf 85' lang='lat' dir='ltr'>nocte</span> <span class='ocrx_word' id='word_1_177' title='bbox 1201 1893 1230 1947; x_wconf 89' lang='lat' dir='ltr'>et</span> <span class='ocrx_word' id='word_1_178' title='bbox 1239 1887 1286 1947; x_wconf 94' lang='lat' dir='ltr'>die</span> <span class='ocrx_word' id='word_1_179' title='bbox 1300 1904 1356 1964; x_wconf 91' lang='lat' dir='ltr'>pro</span> <span class='ocrx_word' id='word_1_180' title='bbox 1365 1889 1433 1947; x_wconf 90' lang='lat' dir='ltr'>tiliis</span> <span class='ocrx_word' id='word_1_181' title='bbox 1450 1889 1553 1947; x_wconf 84' lang='lat' dir='ltr'>srahel</span> <span class='ocrx_word' id='word_1_182' title='bbox 1567 1890 1659 1949; x_wconf 82' lang='lat' dir='ltr'>servis</span> <span class='ocrx_word' id='word_1_183' title='bbox 1669 1890 1739 1947; x_wconf 87' lang='lat' dir='ltr'>tuis.</span> 
     </span>
     <span class='ocr_line' id='line_1_20' title="bbox 146 1959 1848 2052; baseline 0.012 -36"><span class='ocrx_word' id='word_1_184' title='bbox 146 1959 242 2018; x_wconf 71' lang='lat' dir='ltr'>dicate</span> <span class='ocrx_word' id='word_1_185' title='bbox 257 1974 327 2020; x_wconf 90' lang='lat' dir='ltr'>ecoe</span> <span class='ocrx_word' id='word_1_186' title='bbox 337 1961 457 2019; x_wconf 86' lang='lat' dir='ltr'>adsum.</span> <span class='ocrx_word' id='word_1_187' title='bbox 1061 1976 1308 2051; x_wconf 80' lang='lat' dir='ltr'>Eteonllteorpro</span> <span class='ocrx_word' id='word_1_188' title='bbox 1320 1978 1448 2051; x_wconf 85' lang='lat' dir='ltr'>peccatis</span> <span class='ocrx_word' id='word_1_189' title='bbox 1464 1978 1595 2037; x_wconf 89' lang='lat' dir='ltr'>liliorum</span> <span class='ocrx_word' id='word_1_190' title='bbox 1617 1978 1723 2036; x_wconf 89' lang='lat' dir='ltr'>Srabel</span> <span class='ocrx_word' id='word_1_191' title='bbox 1739 1978 1771 2035; x_wconf 91' lang='lat' dir='ltr'>in</span> <span class='ocrx_word' id='word_1_192' title='bbox 1781 1980 1848 2052; x_wconf 92' lang='lat' dir='ltr'>qui·</span> 
     </span>
     <span class='ocr_line' id='line_1_21' title="bbox 281 2053 1845 2140; baseline 0.012 -33"><span class='ocrx_word' id='word_1_193' title='bbox 281 2053 284 2059; x_wconf 85' lang='grc'><strong>“</strong></span> <span class='ocrx_word' id='word_1_194' title='bbox 537 2055 591 2111; x_wconf 74' lang='lat' dir='ltr'>xli.</span> <span class='ocrx_word' id='word_1_195' title='bbox 1024 2065 1082 2123; x_wconf 88' lang='lat' dir='ltr'>bue</span> <span class='ocrx_word' id='word_1_196' title='bbox 1097 2065 1299 2139; x_wconf 85' lang='lat' dir='ltr'>peccaberunt</span> <span class='ocrx_word' id='word_1_197' title='bbox 1310 2066 1363 2123; x_wconf 90' lang='lat' dir='ltr'>tibi</span> <span class='ocrx_word' id='word_1_198' title='bbox 1378 2082 1385 2123; x_wconf 82' lang='lat' dir='ltr'>s</span> <span class='ocrx_word' id='word_1_199' title='bbox 1401 2070 1491 2138; x_wconf 77' lang='lat' dir='ltr'>stege</span> <span class='ocrx_word' id='word_1_200' title='bbox 1502 2070 1531 2125; x_wconf 89' lang='lat' dir='ltr'>et</span> <span class='ocrx_word' id='word_1_201' title='bbox 1543 2066 1655 2125; x_wconf 91' lang='lat' dir='ltr'>domus</span> <span class='ocrx_word' id='word_1_202' title='bbox 1667 2067 1761 2140; x_wconf 87' lang='lat' dir='ltr'>petris</span> <span class='ocrx_word' id='word_1_203' title='bbox 1775 2066 1845 2126; x_wconf 90' lang='lat' dir='ltr'>mei.</span> 
     </span>
     <span class='ocr_line' id='line_1_22' title="bbox 339 2153 1848 2221; baseline 0.011 -25"><span class='ocrx_word' id='word_1_204' title='bbox 339 2153 475 2198; x_wconf 74' lang='lat' dir='ltr'>eunucus</span> <span class='ocrx_word' id='word_1_205' title='bbox 485 2156 773 2202; x_wconf 75' lang='lat' dir='ltr'>mensurnorum.</span> <span class='ocrx_word' id='word_1_206' title='bbox 1061 2154 1264 2221; x_wconf 84' lang='lat' dir='ltr'>Peccavimus,</span> <span class='ocrx_word' id='word_1_207' title='bbox 1276 2154 1402 2213; x_wconf 85' lang='lat' dir='ltr'>sanitate</span> <span class='ocrx_word' id='word_1_208' title='bbox 1408 2154 1521 2212; x_wconf 89' lang='lat' dir='ltr'>seducti</span> <span class='ocrx_word' id='word_1_209' title='bbox 1532 2170 1639 2213; x_wconf 89' lang='lat' dir='ltr'>sumus</span> <span class='ocrx_word' id='word_1_210' title='bbox 1652 2173 1659 2210; x_wconf 81' lang='grc' dir='ltr'>ι</span> <span class='ocrx_word' id='word_1_211' title='bbox 1672 2157 1701 2213; x_wconf 90' lang='lat' dir='ltr'>et</span> <span class='ocrx_word' id='word_1_212' title='bbox 1713 2168 1774 2213; x_wconf 91' lang='lat' dir='ltr'>uon</span> <span class='ocrx_word' id='word_1_213' title='bbox 1783 2170 1848 2213; x_wconf 88' lang='lat' dir='ltr'>cus·</span> 
     </span>
     <span class='ocr_line' id='line_1_23' title="bbox 409 2230 1846 2317; baseline 0.011 -32"><span class='ocrx_word' id='word_1_214' title='bbox 409 2230 493 2286; x_wconf 79' lang='lat' dir='ltr'>irem</span> <span class='ocrx_word' id='word_1_215' title='bbox 517 2230 666 2302; x_wconf 76' lang='lat' dir='ltr'>capitulo.</span> <span class='ocrx_word' id='word_1_216' title='bbox 677 2236 703 2289; x_wconf 80' lang='lat' dir='ltr'>e.</span> <span class='ocrx_word' id='word_1_217' title='bbox 1023 2242 1187 2300; x_wconf 77' lang='lat' dir='ltr'>redibimus</span> <span class='ocrx_word' id='word_1_218' title='bbox 1202 2242 1379 2301; x_wconf 86' lang='lat' dir='ltr'>mandatum</span> <span class='ocrx_word' id='word_1_219' title='bbox 1390 2249 1418 2299; x_wconf 92' lang='lat' dir='ltr'>et</span> <span class='ocrx_word' id='word_1_220' title='bbox 1434 2242 1615 2301; x_wconf 87' lang='lat' dir='ltr'>cerimonias</span> <span class='ocrx_word' id='word_1_221' title='bbox 1632 2246 1723 2317; x_wconf 79' lang='lat' dir='ltr'>alque</span> <span class='ocrx_word' id='word_1_222' title='bbox 1734 2242 1846 2301; x_wconf 91' lang='lat' dir='ltr'>iudicia</span> 
     </span>
     <span class='ocr_line' id='line_1_24' title="bbox 179 2331 1542 2408; baseline 0.015 -19"><span class='ocrx_word' id='word_1_223' title='bbox 179 2332 484 2393; x_wconf 63' lang='lat' dir='ltr'>recumbemus</span> <span class='ocrx_word' id='word_1_224' title='bbox 498 2336 838 2408; x_wconf 79' lang='lat' dir='ltr'>quidaecideritnobts:</span> <span class='ocrx_word' id='word_1_225' title='bbox 852 2339 968 2398; x_wconf 68' lang='lat' dir='ltr'>intuere</span> <span class='ocrx_word' id='word_1_226' title='bbox 1022 2346 1083 2406; x_wconf 76' lang='lat' dir='ltr'>que</span> <span class='ocrx_word' id='word_1_227' title='bbox 1097 2331 1257 2405; x_wconf 71' lang='lat' dir='ltr'>precepisti</span> <span class='ocrx_word' id='word_1_228' title='bbox 1270 2332 1462 2405; x_wconf 76' lang='lat' dir='ltr'>uoystservo</span> <span class='ocrx_word' id='word_1_229' title='bbox 1479 2334 1542 2390; x_wconf 82' lang='lat' dir='ltr'>tuo.</span> 
     </span>
     <span class='ocr_line' id='line_1_25' title="bbox 142 2408 1846 2495; baseline 0.001 -19"><span class='ocrx_word' id='word_1_230' title='bbox 142 2422 172 2476; x_wconf 90' lang='lat' dir='ltr'>et</span> <span class='ocrx_word' id='word_1_231' title='bbox 183 2418 302 2493; x_wconf 90' lang='lat' dir='ltr'>respice</span> <span class='ocrx_word' id='word_1_232' title='bbox 310 2418 508 2492; x_wconf 86' lang='lat' dir='ltr'>obprobrium</span> <span class='ocrx_word' id='word_1_233' title='bbox 532 2428 682 2483; x_wconf 87' lang='lat' dir='ltr'>nostrum.</span> <span class='ocrx_word' id='word_1_234' title='bbox 1057 2408 1383 2494; x_wconf 78' lang='lat' dir='ltr'>ilemento&#39;serbiquod</span> <span class='ocrx_word' id='word_1_235' title='bbox 1398 2420 1552 2479; x_wconf 90' lang='lat' dir='ltr'>mandasti</span> <span class='ocrx_word' id='word_1_236' title='bbox 1565 2420 1659 2495; x_wconf 80' lang='lat' dir='ltr'>lloysi</span> <span class='ocrx_word' id='word_1_237' title='bbox 1672 2420 1846 2479; x_wconf 84' lang='lat' dir='ltr'>famuletuo</span> 
     </span>
     <span class='ocr_line' id='line_1_26' title="bbox 178 2506 1845 2582; baseline 0.007 -26"><span class='ocrx_word' id='word_1_238' title='bbox 178 2508 331 2565; x_wconf 64' lang='lat' dir='ltr'>noredino</span> <span class='ocrx_word' id='word_1_239' title='bbox 345 2512 591 2570; x_wconf 68' lang='lat' dir='ltr'>nocbavonncst</span> <span class='ocrx_word' id='word_1_240' title='bbox 604 2512 644 2571; x_wconf 76' lang='lat' dir='ltr'>ad</span> <span class='ocrx_word' id='word_1_241' title='bbox 654 2511 782 2573; x_wconf 66' lang='lat' dir='ltr'>alienos:</span> <span class='ocrx_word' id='word_1_242' title='bbox 794 2514 968 2573; x_wconf 55' lang='lat' dir='ltr'>domnonia</span> <span class='ocrx_word' id='word_1_243' title='bbox 1021 2509 1125 2567; x_wconf 89' lang='lat' dir='ltr'>diceus</span> <span class='ocrx_word' id='word_1_244' title='bbox 1139 2530 1146 2567; x_wconf 75' lang='grc' dir='ltr'>ι</span> <span class='ocrx_word' id='word_1_245' title='bbox 1160 2525 1230 2566; x_wconf 91' lang='lat' dir='ltr'>oum</span> <span class='ocrx_word' id='word_1_246' title='bbox 1250 2508 1428 2581; x_wconf 74' lang='lat' dir='ltr'>transgressi</span> <span class='ocrx_word' id='word_1_247' title='bbox 1450 2508 1565 2567; x_wconf 81' lang='lat' dir='ltr'>fueritis</span> <span class='ocrx_word' id='word_1_248' title='bbox 1587 2523 1644 2580; x_wconf 77' lang='lat' dir='ltr'>ego</span> <span class='ocrx_word' id='word_1_249' title='bbox 1668 2506 1845 2582; x_wconf 90' lang='lat' dir='ltr'>disperdam</span> 
     </span>
     <span class='ocr_line' id='line_1_27' title="bbox 143 2593 1259 2671; baseline 0 -18"><span class='ocrx_word' id='word_1_250' title='bbox 143 2596 260 2655; x_wconf 89' lang='lat' dir='ltr'>straad</span> <span class='ocrx_word' id='word_1_251' title='bbox 287 2600 453 2656; x_wconf 83' lang='lat' dir='ltr'>extraneos.</span> <span class='ocrx_word' id='word_1_252' title='bbox 798 2593 800 2596; x_wconf 76' lang='grc'><strong>’</strong></span> <span class='ocrx_word' id='word_1_253' title='bbox 1020 2613 1075 2657; x_wconf 82' lang='lat' dir='ltr'>sos</span> <span class='ocrx_word' id='word_1_254' title='bbox 1088 2596 1259 2671; x_wconf 90' lang='lat' dir='ltr'>inpopulis.</span> 
     </span>
     <span class='ocr_line' id='line_1_28' title="bbox 176 2683 1843 2763; baseline 0.008 -34"><span class='ocrx_word' id='word_1_255' title='bbox 176 2684 285 2759; x_wconf 64' lang='lat' dir='ltr'>pupius</span> <span class='ocrx_word' id='word_1_256' title='bbox 298 2685 369 2744; x_wconf 59' lang='lat' dir='ltr'>faofi</span> <span class='ocrx_word' id='word_1_257' title='bbox 380 2702 487 2745; x_wconf 58' lang='lat' dir='ltr'>sumu.</span> <span class='ocrx_word' id='word_1_258' title='bbox 497 2687 612 2762; x_wconf 57' lang='lat' dir='ltr'>absque</span> <span class='ocrx_word' id='word_1_259' title='bbox 621 2693 724 2763; x_wconf 59' lang='lat' dir='ltr'>patra:</span> <span class='ocrx_word' id='word_1_260' title='bbox 740 2695 852 2749; x_wconf 60' lang='lat' dir='ltr'>marm</span> <span class='ocrx_word' id='word_1_261' title='bbox 865 2696 966 2751; x_wconf 58' lang='lat' dir='ltr'>nostre</span> <span class='ocrx_word' id='word_1_262' title='bbox 1056 2684 1090 2743; x_wconf 84' lang='lat' dir='ltr'>lit</span> <span class='ocrx_word' id='word_1_263' title='bbox 1105 2686 1131 2742; x_wconf 91' lang='lat' dir='ltr'>si</span> <span class='ocrx_word' id='word_1_264' title='bbox 1148 2684 1340 2743; x_wconf 83' lang='lat' dir='ltr'>revertamini</span> <span class='ocrx_word' id='word_1_265' title='bbox 1348 2684 1388 2741; x_wconf 91' lang='lat' dir='ltr'>ad</span> <span class='ocrx_word' id='word_1_266' title='bbox 1401 2699 1451 2741; x_wconf 92' lang='lat' dir='ltr'>me</span> <span class='ocrx_word' id='word_1_267' title='bbox 1465 2688 1493 2741; x_wconf 90' lang='lat' dir='ltr'>et</span> <span class='ocrx_word' id='word_1_268' title='bbox 1506 2683 1682 2743; x_wconf 89' lang='lat' dir='ltr'>custodiatis</span> <span class='ocrx_word' id='word_1_269' title='bbox 1696 2683 1843 2742; x_wconf 85' lang='lat' dir='ltr'>mundata</span> 
     </span>
     <span class='ocr_line' id='line_1_29' title="bbox 139 2770 1845 2848; baseline -0.002 -18"><span class='ocrx_word' id='word_1_270' title='bbox 139 2773 230 2848; x_wconf 79' lang='lat' dir='ltr'>quasi</span> <span class='ocrx_word' id='word_1_271' title='bbox 239 2774 342 2832; x_wconf 85' lang='lat' dir='ltr'>sidua.</span> <span class='ocrx_word' id='word_1_272' title='bbox 1019 2788 1090 2833; x_wconf 85' lang='lat' dir='ltr'>mea</span> <span class='ocrx_word' id='word_1_273' title='bbox 1103 2772 1261 2833; x_wconf 72' lang='lat' dir='ltr'>etiamalio</span> <span class='ocrx_word' id='word_1_274' title='bbox 1275 2772 1444 2842; x_wconf 89' lang='lat' dir='ltr'>ea,etiamsi</span> <span class='ocrx_word' id='word_1_275' title='bbox 1453 2770 1744 2829; x_wconf 85' lang='lat' dir='ltr'>adductifuerltiseb</span> <span class='ocrx_word' id='word_1_276' title='bbox 1752 2775 1845 2827; x_wconf 85' lang='lat' dir='ltr'>extre·</span> 
     </span>
    </p>
   </div>
   <div class='ocr_carea' id='block_1_5' title="bbox 137 2858 1842 3028">
    <p class='ocr_par' dir='ltr' id='par_1_6' title="bbox 137 2858 1842 3028">
     <span class='ocr_line' id='line_1_30' title="bbox 173 2858 1842 2939; baseline -0.002 -20"><span class='ocrx_word' id='word_1_277' title='bbox 173 2866 279 2937; x_wconf 78' lang='lat' dir='ltr'>Aquas</span> <span class='ocrx_word' id='word_1_278' title='bbox 294 2866 411 2921; x_wconf 87' lang='lat' dir='ltr'>nostres</span> <span class='ocrx_word' id='word_1_279' title='bbox 417 2865 699 2937; x_wconf 84' lang='lat' dir='ltr'>pccunlabibimus:</span> <span class='ocrx_word' id='word_1_280' title='bbox 714 2866 966 2939; x_wconf 73' lang='lat' dir='ltr'>etliuguanostra</span> <span class='ocrx_word' id='word_1_281' title='bbox 1019 2879 1072 2922; x_wconf 84' lang='lat' dir='ltr'>me</span> <span class='ocrx_word' id='word_1_282' title='bbox 1082 2862 1137 2921; x_wconf 88' lang='lat' dir='ltr'>celi</span> <span class='ocrx_word' id='word_1_283' title='bbox 1148 2860 1218 2920; x_wconf 90' lang='lat' dir='ltr'>inde</span> <span class='ocrx_word' id='word_1_284' title='bbox 1228 2860 1532 2933; x_wconf 77' lang='lat' dir='ltr'>congregabosos:et</span> <span class='ocrx_word' id='word_1_285' title='bbox 1541 2858 1685 2917; x_wconf 91' lang='lat' dir='ltr'>inducam</span> <span class='ocrx_word' id='word_1_286' title='bbox 1698 2858 1730 2916; x_wconf 94' lang='lat' dir='ltr'>in</span> <span class='ocrx_word' id='word_1_287' title='bbox 1739 2858 1842 2917; x_wconf 93' lang='lat' dir='ltr'>locum</span> 
     </span>
     <span class='ocr_line' id='line_1_31' title="bbox 137 2946 1703 3028; baseline -0.002 -20"><span class='ocrx_word' id='word_1_288' title='bbox 137 2952 235 3025; x_wconf 88' lang='lat' dir='ltr'>pretio</span> <span class='ocrx_word' id='word_1_289' title='bbox 247 2952 502 3026; x_wconf 87' lang='lat' dir='ltr'>comparabimus.</span> <span class='ocrx_word' id='word_1_290' title='bbox 1018 2968 1110 3028; x_wconf 82' lang='lat' dir='ltr'>quem</span> <span class='ocrx_word' id='word_1_291' title='bbox 1123 2950 1197 3025; x_wconf 82' lang='lat' dir='ltr'>elegi</span> <span class='ocrx_word' id='word_1_292' title='bbox 1208 2954 1240 3007; x_wconf 94' lang='lat' dir='ltr'>ut</span> <span class='ocrx_word' id='word_1_293' title='bbox 1252 2949 1402 3008; x_wconf 82' lang='lat' dir='ltr'>habitarat</span> <span class='ocrx_word' id='word_1_294' title='bbox 1410 2964 1522 3006; x_wconf 91' lang='lat' dir='ltr'>nomen</span> <span class='ocrx_word' id='word_1_295' title='bbox 1536 2962 1638 3005; x_wconf 88' lang='lat' dir='ltr'>meum</span> <span class='ocrx_word' id='word_1_296' title='bbox 1651 2946 1703 3007; x_wconf 88' lang='lat' dir='ltr'>ibi.</span> 
     </span>
    </p>
   </div>
   <div class='ocr_carea' id='block_1_6' title="bbox 122 3034 1843 5605">
    <p class='ocr_par' dir='ltr' id='par_1_7' title="bbox 172 3034 1842 3118">
     <span class='ocr_line' id='line_1_32' title="bbox 172 3034 1842 3118; baseline -0.002 -21"><span class='ocrx_word' id='word_1_297' title='bbox 172 3039 349 3100; x_wconf 77' lang='lat' dir='ltr'>cervicibus</span> <span class='ocrx_word' id='word_1_298' title='bbox 367 3040 561 3102; x_wconf 77' lang='lat' dir='ltr'>minabamur</span> <span class='ocrx_word' id='word_1_299' title='bbox 579 3043 686 3102; x_wconf 86' lang='lat' dir='ltr'>:lassis</span> <span class='ocrx_word' id='word_1_300' title='bbox 700 3059 762 3105; x_wconf 90' lang='lat' dir='ltr'>non</span> <span class='ocrx_word' id='word_1_301' title='bbox 778 3045 909 3106; x_wconf 86' lang='lat' dir='ltr'>debatur</span> <span class='ocrx_word' id='word_1_302' title='bbox 921 3062 966 3105; x_wconf 90' lang='lat' dir='ltr'>ra·</span> <span class='ocrx_word' id='word_1_303' title='bbox 984 3061 1004 3118; x_wconf 81' lang='lat' dir='ltr'>c</span> <span class='ocrx_word' id='word_1_304' title='bbox 1055 3044 1088 3101; x_wconf 82' lang='lat' dir='ltr'>ut</span> <span class='ocrx_word' id='word_1_305' title='bbox 1100 3040 1158 3115; x_wconf 90' lang='lat' dir='ltr'>ipsi</span> <span class='ocrx_word' id='word_1_306' title='bbox 1169 3040 1245 3099; x_wconf 85' lang='lat' dir='ltr'>servi</span> <span class='ocrx_word' id='word_1_307' title='bbox 1257 3039 1333 3098; x_wconf 91' lang='lat' dir='ltr'>tuiet</span> <span class='ocrx_word' id='word_1_308' title='bbox 1344 3038 1550 3114; x_wconf 91' lang='lat' dir='ltr'>populustuus</span> <span class='ocrx_word' id='word_1_309' title='bbox 1564 3034 1842 3113; x_wconf 89' lang='lat' dir='ltr'>quosredemistiin</span> 
     </span>
    </p>

    <p class='ocr_par' dir='ltr' id='par_1_8' title="bbox 136 3125 1842 3291">
     <span class='ocr_line' id='line_1_33' title="bbox 136 3125 1787 3201; baseline -0.002 -16"><span class='ocrx_word' id='word_1_310' title='bbox 136 3128 237 3201; x_wconf 85' lang='lat' dir='ltr'>quies.</span> <span class='ocrx_word' id='word_1_311' title='bbox 1017 3131 1434 3200; x_wconf 81' lang='lat' dir='ltr'>fortitudiuetuemagua:et</span> <span class='ocrx_word' id='word_1_312' title='bbox 1447 3127 1478 3185; x_wconf 91' lang='lat' dir='ltr'>in</span> <span class='ocrx_word' id='word_1_313' title='bbox 1500 3142 1594 3186; x_wconf 88' lang='lat' dir='ltr'>manu</span> <span class='ocrx_word' id='word_1_314' title='bbox 1617 3125 1787 3188; x_wconf 85' lang='lat' dir='ltr'>tuavallda.</span> 
     </span>
     <span class='ocr_line' id='line_1_34' title="bbox 173 3213 1842 3291; baseline -0.001 -18"><span class='ocrx_word' id='word_1_315' title='bbox 173 3217 281 3291; x_wconf 76' lang='lat' dir='ltr'>ligipto</span> <span class='ocrx_word' id='word_1_316' title='bbox 311 3215 450 3276; x_wconf 86' lang='lat' dir='ltr'>dedimus</span> <span class='ocrx_word' id='word_1_317' title='bbox 472 3223 647 3278; x_wconf 91' lang='lat' dir='ltr'>manumet</span> <span class='ocrx_word' id='word_1_318' title='bbox 674 3221 793 3278; x_wconf 76' lang='lat' dir='ltr'>Assiriis</span> <span class='ocrx_word' id='word_1_319' title='bbox 822 3221 965 3280; x_wconf 88' lang='lat' dir='ltr'>dedimus</span> <span class='ocrx_word' id='word_1_320' title='bbox 1054 3221 1183 3279; x_wconf 83' lang='lat' dir='ltr'>Obsecro</span> <span class='ocrx_word' id='word_1_321' title='bbox 1194 3219 1319 3277; x_wconf 86' lang='lat' dir='ltr'>Domine</span> <span class='ocrx_word' id='word_1_322' title='bbox 1334 3218 1530 3276; x_wconf 82' lang='lat' dir='ltr'>sitsuristua</span> <span class='ocrx_word' id='word_1_323' title='bbox 1542 3216 1708 3274; x_wconf 88' lang='lat' dir='ltr'>adtendens</span> <span class='ocrx_word' id='word_1_324' title='bbox 1722 3213 1761 3272; x_wconf 89' lang='lat' dir='ltr'>ad</span> <span class='ocrx_word' id='word_1_325' title='bbox 1776 3229 1842 3272; x_wconf 90' lang='lat' dir='ltr'>ora-</span> 
     </span>
    </p>

    <p class='ocr_par' dir='ltr' id='par_1_9' title="bbox 135 3305 1843 3474">
     <span class='ocr_line' id='line_1_35' title="bbox 135 3305 1843 3383; baseline 0 -21"><span class='ocrx_word' id='word_1_326' title='bbox 135 3305 217 3363; x_wconf 86' lang='lat' dir='ltr'>ootla</span> <span class='ocrx_word' id='word_1_327' title='bbox 229 3311 345 3364; x_wconf 83' lang='lat' dir='ltr'>nostra:</span> <span class='ocrx_word' id='word_1_328' title='bbox 362 3310 395 3364; x_wconf 92' lang='lat' dir='ltr'>ut</span> <span class='ocrx_word' id='word_1_329' title='bbox 409 3311 612 3365; x_wconf 89' lang='lat' dir='ltr'>saturaremur</span> <span class='ocrx_word' id='word_1_330' title='bbox 624 3323 714 3383; x_wconf 91' lang='lat' dir='ltr'>pane.</span> <span class='ocrx_word' id='word_1_331' title='bbox 1017 3311 1130 3369; x_wconf 91' lang='lat' dir='ltr'>tionem</span> <span class='ocrx_word' id='word_1_332' title='bbox 1143 3307 1273 3366; x_wconf 82' lang='lat' dir='ltr'>servitui</span> <span class='ocrx_word' id='word_1_333' title='bbox 1285 3323 1291 3363; x_wconf 93' lang='lat'><strong>:</strong></span> <span class='ocrx_word' id='word_1_334' title='bbox 1303 3307 1343 3365; x_wconf 88' lang='lat' dir='ltr'>ad</span> <span class='ocrx_word' id='word_1_335' title='bbox 1366 3306 1515 3365; x_wconf 82' lang='lat' dir='ltr'>orationes</span> <span class='ocrx_word' id='word_1_336' title='bbox 1538 3319 1693 3362; x_wconf 86' lang='lat' dir='ltr'>servorum</span> <span class='ocrx_word' id='word_1_337' title='bbox 1721 3307 1843 3362; x_wconf 89' lang='lat' dir='ltr'>tuorum</span> 
     </span>
     <span class='ocr_line' id='line_1_36' title="bbox 172 3394 1541 3474; baseline 0 -24"><span class='ocrx_word' id='word_1_338' title='bbox 172 3397 275 3451; x_wconf 84' lang='lat' dir='ltr'>Patres</span> <span class='ocrx_word' id='word_1_339' title='bbox 289 3394 384 3452; x_wconf 89' lang='lat' dir='ltr'>nostri</span> <span class='ocrx_word' id='word_1_340' title='bbox 397 3395 599 3469; x_wconf 84' lang='lat' dir='ltr'>peccaberunt</span> <span class='ocrx_word' id='word_1_341' title='bbox 612 3401 642 3454; x_wconf 92' lang='lat' dir='ltr'>et</span> <span class='ocrx_word' id='word_1_342' title='bbox 657 3412 719 3454; x_wconf 91' lang='lat' dir='ltr'>uon</span> <span class='ocrx_word' id='word_1_343' title='bbox 734 3400 804 3455; x_wconf 88' lang='lat' dir='ltr'>sunt</span> <span class='ocrx_word' id='word_1_344' title='bbox 817 3415 826 3454; x_wconf 77' lang='lat' dir='ltr'>t</span> <span class='ocrx_word' id='word_1_345' title='bbox 841 3414 898 3456; x_wconf 90' lang='lat' dir='ltr'>nos</span> <span class='ocrx_word' id='word_1_346' title='bbox 913 3415 962 3457; x_wconf 87' lang='lat' dir='ltr'>au·</span> <span class='ocrx_word' id='word_1_347' title='bbox 1017 3400 1070 3474; x_wconf 88' lang='lat' dir='ltr'>qui</span> <span class='ocrx_word' id='word_1_348' title='bbox 1083 3398 1188 3457; x_wconf 82' lang='lat' dir='ltr'>volunt</span> <span class='ocrx_word' id='word_1_349' title='bbox 1201 3395 1304 3453; x_wconf 88' lang='lat' dir='ltr'>timere</span> <span class='ocrx_word' id='word_1_350' title='bbox 1318 3409 1430 3452; x_wconf 90' lang='lat' dir='ltr'>nomen</span> <span class='ocrx_word' id='word_1_351' title='bbox 1444 3397 1541 3451; x_wconf 91' lang='lat' dir='ltr'>tuum.</span> 
     </span>
    </p>

    <p class='ocr_par' dir='ltr' id='par_1_10' title="bbox 134 3478 1837 3648">
     <span class='ocr_line' id='line_1_37' title="bbox 134 3478 1837 3558; baseline -0.001 -18"><span class='ocrx_word' id='word_1_352' title='bbox 134 3485 199 3540; x_wconf 89' lang='lat' dir='ltr'>tem</span> <span class='ocrx_word' id='word_1_353' title='bbox 215 3482 389 3556; x_wconf 85' lang='lat' dir='ltr'>iniquitates</span> <span class='ocrx_word' id='word_1_354' title='bbox 403 3497 508 3541; x_wconf 83' lang='lat' dir='ltr'>eorum</span> <span class='ocrx_word' id='word_1_355' title='bbox 522 3484 725 3557; x_wconf 87' lang='lat' dir='ltr'>portabimus.</span> <span class='ocrx_word' id='word_1_356' title='bbox 1053 3490 1088 3545; x_wconf 79' lang='lat' dir='ltr'>lit</span> <span class='ocrx_word' id='word_1_357' title='bbox 1100 3487 1195 3558; x_wconf 71' lang='lat' dir='ltr'>dirige</span> <span class='ocrx_word' id='word_1_358' title='bbox 1206 3480 1493 3543; x_wconf 86' lang='lat' dir='ltr'>scrvumtuumodie</span> <span class='ocrx_word' id='word_1_359' title='bbox 1508 3497 1516 3538; x_wconf 74' lang='grc' dir='ltr'>ι</span> <span class='ocrx_word' id='word_1_360' title='bbox 1531 3483 1561 3539; x_wconf 92' lang='lat' dir='ltr'>et</span> <span class='ocrx_word' id='word_1_361' title='bbox 1578 3479 1620 3539; x_wconf 91' lang='lat' dir='ltr'>da</span> <span class='ocrx_word' id='word_1_362' title='bbox 1629 3483 1659 3538; x_wconf 89' lang='lat' dir='ltr'>et</span> <span class='ocrx_word' id='word_1_363' title='bbox 1671 3478 1837 3541; x_wconf 88' lang='lat' dir='ltr'>misericor·</span> 
     </span>
     <span class='ocr_line' id='line_1_38' title="bbox 172 3568 1415 3648; baseline -0.001 -20"><span class='ocrx_word' id='word_1_364' title='bbox 172 3570 256 3628; x_wconf 82' lang='lat' dir='ltr'>Sersi</span> <span class='ocrx_word' id='word_1_365' title='bbox 268 3568 493 3628; x_wconf 87' lang='lat' dir='ltr'>dominatisunt</span> <span class='ocrx_word' id='word_1_366' title='bbox 511 3571 601 3629; x_wconf 87' lang='lat' dir='ltr'>uobis</span> <span class='ocrx_word' id='word_1_367' title='bbox 616 3590 624 3629; x_wconf 77' lang='grc' dir='ltr'><strong><em>ε</em></strong></span> <span class='ocrx_word' id='word_1_368' title='bbox 639 3577 743 3632; x_wconf 88' lang='lat' dir='ltr'>stnou</span> <span class='ocrx_word' id='word_1_369' title='bbox 755 3573 811 3632; x_wconf 82' lang='lat' dir='ltr'>tuit</span> <span class='ocrx_word' id='word_1_370' title='bbox 824 3575 964 3648; x_wconf 87' lang='lat' dir='ltr'>quiredi·</span> <span class='ocrx_word' id='word_1_371' title='bbox 1016 3577 1100 3635; x_wconf 86' lang='lat' dir='ltr'>diam</span> <span class='ocrx_word' id='word_1_372' title='bbox 1114 3578 1183 3634; x_wconf 66' lang='lat' dir='ltr'>sub</span> <span class='ocrx_word' id='word_1_373' title='bbox 1201 3573 1300 3632; x_wconf 80' lang='grc' dir='ltr'>ιίιιιιιι</span> <span class='ocrx_word' id='word_1_374' title='bbox 1324 3570 1415 3629; x_wconf 91' lang='lat' dir='ltr'>hunc.</span> 
     </span>
    </p>

    <p class='ocr_par' dir='ltr' id='par_1_11' title="bbox 130 3658 1785 3825">
     <span class='ocr_line' id='line_1_39' title="bbox 130 3658 1467 3721; baseline 0.001 -6"><span class='ocrx_word' id='word_1_375' title='bbox 130 3661 228 3715; x_wconf 87' lang='lat' dir='ltr'>meret</span> <span class='ocrx_word' id='word_1_376' title='bbox 237 3673 295 3717; x_wconf 91' lang='lat' dir='ltr'>nos</span> <span class='ocrx_word' id='word_1_377' title='bbox 309 3658 347 3716; x_wconf 92' lang='lat' dir='ltr'>de</span> <span class='ocrx_word' id='word_1_378' title='bbox 366 3659 510 3717; x_wconf 89' lang='lat' dir='ltr'>menibus</span> <span class='ocrx_word' id='word_1_379' title='bbox 524 3675 641 3721; x_wconf 91' lang='lat' dir='ltr'>eorum.</span> <span class='ocrx_word' id='word_1_380' title='bbox 1390 3660 1467 3717; x_wconf 89' lang='lat' dir='ltr'>ltltll.</span> 
     </span>
     <span class='ocr_line' id='line_1_40' title="bbox 166 3746 1785 3825; baseline 0.001 -23"><span class='ocrx_word' id='word_1_381' title='bbox 166 3749 202 3803; x_wconf 93' lang='lat' dir='ltr'>lu</span> <span class='ocrx_word' id='word_1_382' title='bbox 210 3746 373 3804; x_wconf 85' lang='lat' dir='ltr'>animabus</span> <span class='ocrx_word' id='word_1_383' title='bbox 379 3748 491 3805; x_wconf 84' lang='lat' dir='ltr'>nostris</span> <span class='ocrx_word' id='word_1_384' title='bbox 510 3748 716 3808; x_wconf 75' lang='lat' dir='ltr'>atimabemur</span> <span class='ocrx_word' id='word_1_385' title='bbox 729 3752 960 3825; x_wconf 85' lang='lat' dir='ltr'>panemuohis:</span> <span class='ocrx_word' id='word_1_386' title='bbox 1069 3765 1301 3810; x_wconf 81' lang='lat' dir='ltr'>cmrrcsssasss</span> <span class='ocrx_word' id='word_1_387' title='bbox 1313 3763 1391 3806; x_wconf 81' lang='lat' dir='ltr'>naurs</span> <span class='ocrx_word' id='word_1_388' title='bbox 1408 3764 1441 3805; x_wconf 87' lang='lat' dir='ltr'>ns</span> <span class='ocrx_word' id='word_1_389' title='bbox 1457 3763 1538 3806; x_wconf 79' lang='lat' dir='ltr'>craso</span> <span class='ocrx_word' id='word_1_390' title='bbox 1555 3761 1785 3805; x_wconf 74' lang='lat' dir='ltr'>cicumeuntes</span> 
     </span>
    </p>

    <p class='ocr_par' dir='ltr' id='par_1_12' title="bbox 128 3835 1838 4002">
     <span class='ocr_line' id='line_1_41' title="bbox 128 3835 1838 3908; baseline 0.001 -16"><span class='ocrx_word' id='word_1_391' title='bbox 128 3849 149 3892; x_wconf 87' lang='lat' dir='ltr'>a</span> <span class='ocrx_word' id='word_1_392' title='bbox 164 3835 346 3906; x_wconf 73' lang='lat' dir='ltr'>lacicgladii</span> <span class='ocrx_word' id='word_1_393' title='bbox 364 3836 395 3892; x_wconf 93' lang='lat' dir='ltr'>in</span> <span class='ocrx_word' id='word_1_394' title='bbox 417 3836 547 3895; x_wconf 89' lang='lat' dir='ltr'>deserto.</span> <span class='ocrx_word' id='word_1_395' title='bbox 1049 3835 1736 3908; x_wconf 76' lang='lat' dir='ltr'>Aua.PeccobiDotnincpcccotictiniqcitotcm</span> <span class='ocrx_word' id='word_1_396' title='bbox 1745 3849 1838 3894; x_wconf 82' lang='lat' dir='ltr'>mcum</span> 
     </span>
     <span class='ocr_line' id='line_1_42' title="bbox 167 3923 1616 4002; baseline 0.006 -23"><span class='ocrx_word' id='word_1_397' title='bbox 167 3923 260 3979; x_wconf 87' lang='lat' dir='ltr'>Psilis</span> <span class='ocrx_word' id='word_1_398' title='bbox 273 3928 376 3982; x_wconf 88' lang='lat' dir='ltr'>nostra</span> <span class='ocrx_word' id='word_1_399' title='bbox 385 3924 475 3999; x_wconf 87' lang='lat' dir='ltr'>quasi</span> <span class='ocrx_word' id='word_1_400' title='bbox 488 3924 622 3983; x_wconf 90' lang='lat' dir='ltr'>clibanus</span> <span class='ocrx_word' id='word_1_401' title='bbox 645 3930 750 3986; x_wconf 86' lang='lat' dir='ltr'>exusta</span> <span class='ocrx_word' id='word_1_402' title='bbox 771 3931 836 3986; x_wconf 87' lang='lat' dir='ltr'>est:</span> <span class='ocrx_word' id='word_1_403' title='bbox 852 3928 960 3987; x_wconf 85' lang='lat' dir='ltr'>atacis</span> <span class='ocrx_word' id='word_1_404' title='bbox 1015 3943 1236 4002; x_wconf 74' lang='lat' dir='ltr'>epocopnosco.</span> <span class='ocrx_word' id='word_1_405' title='bbox 1613 3963 1616 3968; x_wconf 94' lang='lat'>-</span> 
     </span>
    </p>

    <p class='ocr_par' dir='ltr' id='par_1_13' title="bbox 126 4010 1837 4176">
     <span class='ocr_line' id='line_1_43' title="bbox 126 4010 1837 4084; baseline 0.001 -17"><span class='ocrx_word' id='word_1_406' title='bbox 126 4013 349 4084; x_wconf 83' lang='lat' dir='ltr'>tempestatum</span> <span class='ocrx_word' id='word_1_407' title='bbox 362 4010 462 4069; x_wconf 86' lang='lat' dir='ltr'>lamis.</span> <span class='ocrx_word' id='word_1_408' title='bbox 1050 4021 1128 4074; x_wconf 81' lang='lat' dir='ltr'>Deus</span> <span class='ocrx_word' id='word_1_409' title='bbox 1141 4015 1305 4074; x_wconf 88' lang='lat' dir='ltr'>altissimus</span> <span class='ocrx_word' id='word_1_410' title='bbox 1311 4012 1523 4084; x_wconf 78' lang='lat' dir='ltr'>magnanimis,</span> <span class='ocrx_word' id='word_1_411' title='bbox 1532 4013 1689 4070; x_wconf 85' lang='lat' dir='ltr'>miserator</span> <span class='ocrx_word' id='word_1_412' title='bbox 1703 4016 1733 4071; x_wconf 92' lang='lat' dir='ltr'>et</span> <span class='ocrx_word' id='word_1_413' title='bbox 1743 4011 1837 4070; x_wconf 90' lang='lat' dir='ltr'>multe</span> 
     </span>
     <span class='ocr_line' id='line_1_44' title="bbox 165 4099 1746 4176; baseline 0.001 -20"><span class='ocrx_word' id='word_1_414' title='bbox 165 4099 302 4157; x_wconf 66' lang='lat' dir='ltr'>Mulieres</span> <span class='ocrx_word' id='word_1_415' title='bbox 317 4101 349 4156; x_wconf 91' lang='lat' dir='ltr'>in</span> <span class='ocrx_word' id='word_1_416' title='bbox 367 4101 448 4174; x_wconf 81' lang='lat' dir='ltr'>syon</span> <span class='ocrx_word' id='word_1_417' title='bbox 470 4101 725 4160; x_wconf 90' lang='lat' dir='ltr'>humiliaberunt:</span> <span class='ocrx_word' id='word_1_418' title='bbox 739 4104 909 4174; x_wconf 76' lang='lat' dir='ltr'>etslrgines</span> <span class='ocrx_word' id='word_1_419' title='bbox 926 4105 958 4162; x_wconf 91' lang='lat' dir='ltr'>in</span> <span class='ocrx_word' id='word_1_420' title='bbox 1013 4104 1214 4164; x_wconf 86' lang='lat' dir='ltr'>misericordie</span> <span class='ocrx_word' id='word_1_421' title='bbox 1230 4120 1237 4160; x_wconf 76' lang='grc' dir='ltr'>ι</span> <span class='ocrx_word' id='word_1_422' title='bbox 1254 4102 1368 4176; x_wconf 89' lang='lat' dir='ltr'>petiens</span> <span class='ocrx_word' id='word_1_423' title='bbox 1385 4117 1476 4175; x_wconf 90' lang='lat' dir='ltr'>super</span> <span class='ocrx_word' id='word_1_424' title='bbox 1487 4099 1746 4159; x_wconf 89' lang='lat' dir='ltr'>maiahominum.</span> 
     </span>
    </p>

    <p class='ocr_par' dir='ltr' id='par_1_14' title="bbox 126 4187 1837 4356">
     <span class='ocr_line' id='line_1_45' title="bbox 126 4187 1834 4266; baseline 0 -22"><span class='ocrx_word' id='word_1_425' title='bbox 126 4187 304 4245; x_wconf 80' lang='lat' dir='ltr'>civitatibus</span> <span class='ocrx_word' id='word_1_426' title='bbox 322 4189 410 4248; x_wconf 85' lang='lat' dir='ltr'>iuda.</span> <span class='ocrx_word' id='word_1_427' title='bbox 1049 4189 1461 4266; x_wconf 77' lang='lat' dir='ltr'>Tuergollominesecuudum</span> <span class='ocrx_word' id='word_1_428' title='bbox 1470 4188 1834 4247; x_wconf 88' lang='lat' dir='ltr'>multitudiuambonitatis</span> 
     </span>
     <span class='ocr_line' id='line_1_46' title="bbox 164 4276 1837 4356; baseline 0.001 -24"><span class='ocrx_word' id='word_1_429' title='bbox 164 4276 320 4350; x_wconf 85' lang='lat' dir='ltr'>Principes</span> <span class='ocrx_word' id='word_1_430' title='bbox 326 4291 451 4335; x_wconf 86' lang='lat' dir='ltr'>menum</span> <span class='ocrx_word' id='word_1_431' title='bbox 464 4279 604 4352; x_wconf 87' lang='lat' dir='ltr'>suspensi</span> <span class='ocrx_word' id='word_1_432' title='bbox 614 4283 699 4338; x_wconf 83' lang='lat' dir='ltr'>sunt:</span> <span class='ocrx_word' id='word_1_433' title='bbox 710 4279 836 4338; x_wconf 86' lang='lat' dir='ltr'>etlacies</span> <span class='ocrx_word' id='word_1_434' title='bbox 850 4295 958 4340; x_wconf 89' lang='lat' dir='ltr'>senum</span> <span class='ocrx_word' id='word_1_435' title='bbox 1012 4289 1063 4342; x_wconf 92' lang='lat' dir='ltr'>tue</span> <span class='ocrx_word' id='word_1_436' title='bbox 1076 4280 1240 4356; x_wconf 89' lang='lat' dir='ltr'>promisisti</span> <span class='ocrx_word' id='word_1_437' title='bbox 1256 4279 1475 4350; x_wconf 78' lang='lat' dir='ltr'>indulgentiam</span> <span class='ocrx_word' id='word_1_438' title='bbox 1484 4282 1513 4335; x_wconf 93' lang='lat' dir='ltr'>et</span> <span class='ocrx_word' id='word_1_439' title='bbox 1524 4277 1733 4335; x_wconf 88' lang='lat' dir='ltr'>remissionem</span> <span class='ocrx_word' id='word_1_440' title='bbox 1743 4276 1837 4334; x_wconf 88' lang='lat' dir='ltr'>delin-</span> 
     </span>
    </p>

    <p class='ocr_par' dir='ltr' id='par_1_15' title="bbox 125 4364 1833 4532">
     <span class='ocr_line' id='line_1_47' title="bbox 125 4364 1833 4445; baseline 0.002 -25"><span class='ocrx_word' id='word_1_441' title='bbox 125 4379 196 4420; x_wconf 89' lang='lat' dir='ltr'>non</span> <span class='ocrx_word' id='word_1_442' title='bbox 215 4364 408 4423; x_wconf 90' lang='lat' dir='ltr'>erubuerunt.</span> <span class='ocrx_word' id='word_1_443' title='bbox 1012 4370 1173 4445; x_wconf 82' lang='lat' dir='ltr'>questibus</span> <span class='ocrx_word' id='word_1_444' title='bbox 1188 4367 1259 4427; x_wconf 90' lang='lat' dir='ltr'>tibi:</span> <span class='ocrx_word' id='word_1_445' title='bbox 1276 4367 1551 4426; x_wconf 89' lang='lat' dir='ltr'>etbabundautiem</span> <span class='ocrx_word' id='word_1_446' title='bbox 1558 4365 1761 4424; x_wconf 89' lang='lat' dir='ltr'>misericordie</span> <span class='ocrx_word' id='word_1_447' title='bbox 1773 4370 1833 4434; x_wconf 89' lang='lat' dir='ltr'>tue,</span> 
     </span>
     <span class='ocr_line' id='line_1_48' title="bbox 165 4452 1759 4532; baseline 0.001 -24"><span class='ocrx_word' id='word_1_448' title='bbox 165 4452 414 4511; x_wconf 80' lang='lat' dir='ltr'>Adulescentibus</span> <span class='ocrx_word' id='word_1_449' title='bbox 429 4455 580 4528; x_wconf 87' lang='lat' dir='ltr'>impudice</span> <span class='ocrx_word' id='word_1_450' title='bbox 593 4456 681 4515; x_wconf 90' lang='lat' dir='ltr'>abusi</span> <span class='ocrx_word' id='word_1_451' title='bbox 691 4461 761 4516; x_wconf 92' lang='lat' dir='ltr'>suut</span> <span class='ocrx_word' id='word_1_452' title='bbox 777 4462 825 4516; x_wconf 88' lang='lat' dir='ltr'>:et</span> <span class='ocrx_word' id='word_1_453' title='bbox 834 4459 958 4532; x_wconf 88' lang='lat' dir='ltr'>pueriiu</span> <span class='ocrx_word' id='word_1_454' title='bbox 1011 4458 1140 4517; x_wconf 87' lang='lat' dir='ltr'>statuisti</span> <span class='ocrx_word' id='word_1_455' title='bbox 1151 4457 1343 4531; x_wconf 83' lang='lat' dir='ltr'>penitentiam</span> <span class='ocrx_word' id='word_1_456' title='bbox 1355 4454 1559 4528; x_wconf 75' lang='lat' dir='ltr'>precatoribus</span> <span class='ocrx_word' id='word_1_457' title='bbox 1569 4454 1608 4511; x_wconf 88' lang='lat' dir='ltr'>ad</span> <span class='ocrx_word' id='word_1_458' title='bbox 1618 4453 1759 4512; x_wconf 89' lang='lat' dir='ltr'>sulutem.</span> 
     </span>
    </p>

    <p class='ocr_par' dir='ltr' id='par_1_16' title="bbox 124 4539 1837 4705">
     <span class='ocr_line' id='line_1_49' title="bbox 124 4539 1837 4618; baseline 0.003 -21"><span class='ocrx_word' id='word_1_459' title='bbox 124 4539 217 4612; x_wconf 75' lang='lat' dir='ltr'>ligno</span> <span class='ocrx_word' id='word_1_460' title='bbox 235 4548 422 4601; x_wconf 87' lang='lat' dir='ltr'>corruerunt.</span> <span class='ocrx_word' id='word_1_461' title='bbox 1046 4549 1088 4604; x_wconf 85' lang='lat' dir='ltr'>Tu</span> <span class='ocrx_word' id='word_1_462' title='bbox 1097 4562 1168 4618; x_wconf 81' lang='lat' dir='ltr'>crgo</span> <span class='ocrx_word' id='word_1_463' title='bbox 1183 4544 1307 4603; x_wconf 88' lang='lat' dir='ltr'>ilomine</span> <span class='ocrx_word' id='word_1_464' title='bbox 1320 4545 1398 4602; x_wconf 87' lang='lat' dir='ltr'>Deus</span> <span class='ocrx_word' id='word_1_465' title='bbox 1410 4543 1558 4600; x_wconf 87' lang='lat' dir='ltr'>iustorum</span> <span class='ocrx_word' id='word_1_466' title='bbox 1571 4557 1633 4601; x_wconf 93' lang='lat' dir='ltr'>uon</span> <span class='ocrx_word' id='word_1_467' title='bbox 1644 4543 1772 4618; x_wconf 89' lang='lat' dir='ltr'>posuisti</span> <span class='ocrx_word' id='word_1_468' title='bbox 1786 4559 1837 4616; x_wconf 86' lang='lat' dir='ltr'>pe·</span> 
     </span>
     <span class='ocr_line' id='line_1_50' title="bbox 164 4629 1837 4705; baseline -0.001 -17"><span class='ocrx_word' id='word_1_469' title='bbox 164 4629 408 4704; x_wconf 89' lang='lat' dir='ltr'>Seuesdsportis</span> <span class='ocrx_word' id='word_1_470' title='bbox 424 4630 614 4690; x_wconf 85' lang='lat' dir='ltr'>deiecerunt:</span> <span class='ocrx_word' id='word_1_471' title='bbox 630 4637 659 4692; x_wconf 92' lang='lat' dir='ltr'>et</span> <span class='ocrx_word' id='word_1_472' title='bbox 678 4633 799 4692; x_wconf 88' lang='lat' dir='ltr'>iubenes</span> <span class='ocrx_word' id='word_1_473' title='bbox 820 4635 856 4692; x_wconf 91' lang='lat' dir='ltr'>da</span> <span class='ocrx_word' id='word_1_474' title='bbox 880 4651 952 4695; x_wconf 92' lang='lat' dir='ltr'>coro</span> <span class='ocrx_word' id='word_1_475' title='bbox 1010 4635 1167 4692; x_wconf 87' lang='lat' dir='ltr'>niteutiem</span> <span class='ocrx_word' id='word_1_476' title='bbox 1178 4633 1261 4692; x_wconf 88' lang='lat' dir='ltr'>iustis</span> <span class='ocrx_word' id='word_1_477' title='bbox 1275 4633 1333 4690; x_wconf 89' lang='lat' dir='ltr'>tuis</span> <span class='ocrx_word' id='word_1_478' title='bbox 1345 4631 1497 4689; x_wconf 86' lang='lat' dir='ltr'>llbreham</span> <span class='ocrx_word' id='word_1_479' title='bbox 1511 4633 1607 4691; x_wconf 76' lang='lat' dir='ltr'>isaac</span> <span class='ocrx_word' id='word_1_480' title='bbox 1621 4635 1651 4688; x_wconf 90' lang='lat' dir='ltr'>et</span> <span class='ocrx_word' id='word_1_481' title='bbox 1663 4630 1766 4697; x_wconf 86' lang='lat' dir='ltr'>Jacob,</span> <span class='ocrx_word' id='word_1_482' title='bbox 1784 4632 1837 4705; x_wconf 89' lang='lat' dir='ltr'>qui</span> 
     </span>
    </p>

    <p class='ocr_par' dir='ltr' id='par_1_17' title="bbox 126 4717 1837 4885">
     <span class='ocr_line' id='line_1_51' title="bbox 126 4717 1835 4795; baseline -0.001 -19"><span class='ocrx_word' id='word_1_483' title='bbox 126 4717 333 4792; x_wconf 86' lang='lat' dir='ltr'>psallentium.</span> <span class='ocrx_word' id='word_1_484' title='bbox 1010 4737 1073 4780; x_wconf 91' lang='lat' dir='ltr'>non</span> <span class='ocrx_word' id='word_1_485' title='bbox 1084 4722 1287 4795; x_wconf 81' lang='lat' dir='ltr'>peccaberunt</span> <span class='ocrx_word' id='word_1_486' title='bbox 1297 4720 1350 4778; x_wconf 89' lang='lat' dir='ltr'>tibi</span> <span class='ocrx_word' id='word_1_487' title='bbox 1367 4725 1410 4778; x_wconf 94' lang='lat' dir='ltr'>set</span> <span class='ocrx_word' id='word_1_488' title='bbox 1431 4721 1559 4794; x_wconf 89' lang='lat' dir='ltr'>posuisti</span> <span class='ocrx_word' id='word_1_489' title='bbox 1572 4720 1768 4792; x_wconf 87' lang='lat' dir='ltr'>penitentiam</span> <span class='ocrx_word' id='word_1_490' title='bbox 1781 4718 1835 4775; x_wconf 95' lang='lat' dir='ltr'>mi-</span> 
     </span>
     <span class='ocr_line' id='line_1_52' title="bbox 165 4805 1837 4885; baseline 0.001 -22"><span class='ocrx_word' id='word_1_491' title='bbox 165 4805 278 4864; x_wconf 88' lang='lat' dir='ltr'>lleiecit</span> <span class='ocrx_word' id='word_1_492' title='bbox 291 4807 435 4879; x_wconf 73' lang='lat' dir='ltr'>gaudium</span> <span class='ocrx_word' id='word_1_493' title='bbox 448 4809 547 4866; x_wconf 87' lang='lat' dir='ltr'>cordis</span> <span class='ocrx_word' id='word_1_494' title='bbox 557 4812 652 4867; x_wconf 88' lang='lat' dir='ltr'>nostri</span> <span class='ocrx_word' id='word_1_495' title='bbox 673 4826 778 4868; x_wconf 81' lang='lat' dir='ltr'>sersus</span> <span class='ocrx_word' id='word_1_496' title='bbox 791 4817 839 4868; x_wconf 88' lang='lat' dir='ltr'>est</span> <span class='ocrx_word' id='word_1_497' title='bbox 852 4812 884 4870; x_wconf 91' lang='lat' dir='ltr'>iu</span> <span class='ocrx_word' id='word_1_498' title='bbox 896 4813 958 4870; x_wconf 91' lang='lat' dir='ltr'>luc·</span> <span class='ocrx_word' id='word_1_499' title='bbox 1010 4811 1038 4869; x_wconf 92' lang='lat' dir='ltr'>ci</span> <span class='ocrx_word' id='word_1_500' title='bbox 1050 4809 1198 4885; x_wconf 88' lang='lat' dir='ltr'>peccatori</span> <span class='ocrx_word' id='word_1_501' title='bbox 1213 4829 1220 4870; x_wconf 92' lang='lat'>:</span> <span class='ocrx_word' id='word_1_502' title='bbox 1235 4809 1380 4883; x_wconf 85' lang='lat' dir='ltr'>quonlam</span> <span class='ocrx_word' id='word_1_503' title='bbox 1396 4823 1487 4882; x_wconf 90' lang='lat' dir='ltr'>super</span> <span class='ocrx_word' id='word_1_504' title='bbox 1496 4823 1656 4866; x_wconf 91' lang='lat' dir='ltr'>numerum</span> <span class='ocrx_word' id='word_1_505' title='bbox 1668 4821 1758 4864; x_wconf 90' lang='lat' dir='ltr'>arene</span> <span class='ocrx_word' id='word_1_506' title='bbox 1773 4822 1837 4865; x_wconf 91' lang='lat' dir='ltr'>ma·</span> 
     </span>
    </p>

    <p class='ocr_par' dir='ltr' id='par_1_18' title="bbox 122 4895 1838 4972">
     <span class='ocr_line' id='line_1_53' title="bbox 122 4895 1838 4972; baseline 0 -20"><span class='ocrx_word' id='word_1_507' title='bbox 122 4898 161 4952; x_wconf 90' lang='lat' dir='ltr'>tu</span> <span class='ocrx_word' id='word_1_508' title='bbox 176 4911 268 4953; x_wconf 82' lang='lat' dir='ltr'>cerm</span> <span class='ocrx_word' id='word_1_509' title='bbox 283 4899 397 4966; x_wconf 85' lang='lat' dir='ltr'>noster,</span> <span class='ocrx_word' id='word_1_510' title='bbox 412 4897 518 4954; x_wconf 88' lang='lat' dir='ltr'>cecidit</span> <span class='ocrx_word' id='word_1_511' title='bbox 540 4912 654 4955; x_wconf 87' lang='lat' dir='ltr'>corona</span> <span class='ocrx_word' id='word_1_512' title='bbox 671 4899 778 4972; x_wconf 91' lang='lat' dir='ltr'>capitis</span> <span class='ocrx_word' id='word_1_513' title='bbox 789 4899 887 4957; x_wconf 88' lang='lat' dir='ltr'>nostri</span> <span class='ocrx_word' id='word_1_514' title='bbox 903 4917 958 4958; x_wconf 80' lang='lat' dir='ltr'>:ve</span> <span class='ocrx_word' id='word_1_515' title='bbox 1010 4900 1052 4958; x_wconf 90' lang='lat' dir='ltr'>ris</span> <span class='ocrx_word' id='word_1_516' title='bbox 1063 4897 1497 4970; x_wconf 72' lang='lat' dir='ltr'>habundaberuntiniquitates</span> <span class='ocrx_word' id='word_1_517' title='bbox 1513 4911 1578 4952; x_wconf 91' lang='lat' dir='ltr'>mee</span> <span class='ocrx_word' id='word_1_518' title='bbox 1590 4911 1597 4950; x_wconf 92' lang='lat'><strong>:</strong></span> <span class='ocrx_word' id='word_1_519' title='bbox 1610 4898 1640 4950; x_wconf 92' lang='lat' dir='ltr'>at</span> <span class='ocrx_word' id='word_1_520' title='bbox 1650 4908 1712 4951; x_wconf 91' lang='lat' dir='ltr'>nou</span> <span class='ocrx_word' id='word_1_521' title='bbox 1728 4898 1772 4952; x_wconf 88' lang='lat' dir='ltr'>est</span> <span class='ocrx_word' id='word_1_522' title='bbox 1785 4895 1838 4952; x_wconf 91' lang='lat' dir='ltr'>de-</span> 
     </span>
    </p>

    <p class='ocr_par' dir='ltr' id='par_1_19' title="bbox 123 4983 1835 5144">
     <span class='ocr_line' id='line_1_54' title="bbox 123 4983 1713 5057; baseline -0.001 -18"><span class='ocrx_word' id='word_1_523' title='bbox 123 4983 221 5040; x_wconf 89' lang='lat' dir='ltr'>nobis</span> <span class='ocrx_word' id='word_1_524' title='bbox 235 4984 377 5055; x_wconf 83' lang='lat' dir='ltr'>quoniam</span> <span class='ocrx_word' id='word_1_525' title='bbox 395 4985 603 5057; x_wconf 89' lang='lat' dir='ltr'>peccabimus.</span> <span class='ocrx_word' id='word_1_526' title='bbox 1011 4988 1131 5046; x_wconf 90' lang='lat' dir='ltr'>cliuatio</span> <span class='ocrx_word' id='word_1_527' title='bbox 1146 4985 1343 5043; x_wconf 90' lang='lat' dir='ltr'>multitudinis</span> <span class='ocrx_word' id='word_1_528' title='bbox 1362 4983 1539 5042; x_wconf 89' lang='lat' dir='ltr'>delictorum</span> <span class='ocrx_word' id='word_1_529' title='bbox 1566 4997 1713 5040; x_wconf 90' lang='lat' dir='ltr'>meorum.</span> 
     </span>
     <span class='ocr_line' id='line_1_55' title="bbox 165 5072 1835 5144; baseline 0.001 -16"><span class='ocrx_word' id='word_1_530' title='bbox 165 5073 327 5144; x_wconf 83' lang='lat' dir='ltr'>Propterea</span> <span class='ocrx_word' id='word_1_531' title='bbox 337 5075 466 5131; x_wconf 88' lang='lat' dir='ltr'>mestum</span> <span class='ocrx_word' id='word_1_532' title='bbox 479 5073 593 5130; x_wconf 87' lang='lat' dir='ltr'>tactum</span> <span class='ocrx_word' id='word_1_533' title='bbox 609 5077 654 5130; x_wconf 90' lang='lat' dir='ltr'>est</span> <span class='ocrx_word' id='word_1_534' title='bbox 666 5074 698 5131; x_wconf 92' lang='lat' dir='ltr'>iu</span> <span class='ocrx_word' id='word_1_535' title='bbox 714 5073 817 5130; x_wconf 84' lang='lat' dir='ltr'>dolore</span> <span class='ocrx_word' id='word_1_536' title='bbox 840 5091 893 5132; x_wconf 89' lang='lat' dir='ltr'>oor</span> <span class='ocrx_word' id='word_1_537' title='bbox 906 5091 959 5133; x_wconf 91' lang='lat' dir='ltr'>uo-</span> <span class='ocrx_word' id='word_1_538' title='bbox 1047 5079 1080 5133; x_wconf 85' lang='lat' dir='ltr'>lit</span> <span class='ocrx_word' id='word_1_539' title='bbox 1092 5090 1174 5132; x_wconf 90' lang='lat' dir='ltr'>nunc</span> <span class='ocrx_word' id='word_1_540' title='bbox 1186 5075 1262 5132; x_wconf 89' lang='lat' dir='ltr'>iuste</span> <span class='ocrx_word' id='word_1_541' title='bbox 1276 5073 1430 5130; x_wconf 90' lang='lat' dir='ltr'>contineor</span> <span class='ocrx_word' id='word_1_542' title='bbox 1446 5072 1536 5143; x_wconf 77' lang='lat' dir='ltr'>digne</span> <span class='ocrx_word' id='word_1_543' title='bbox 1546 5072 1747 5143; x_wconf 88' lang='lat' dir='ltr'>comprimor:</span> <span class='ocrx_word' id='word_1_544' title='bbox 1763 5086 1835 5144; x_wconf 90' lang='lat' dir='ltr'>per-</span> 
     </span>
    </p>

    <p class='ocr_par' dir='ltr' id='par_1_20' title="bbox 125 5157 1832 5236">
     <span class='ocr_line' id='line_1_56' title="bbox 125 5157 1832 5236; baseline 0.002 -21"><span class='ocrx_word' id='word_1_545' title='bbox 125 5165 241 5227; x_wconf 82' lang='lat' dir='ltr'>etrum,</span> <span class='ocrx_word' id='word_1_546' title='bbox 252 5159 321 5218; x_wconf 91' lang='lat' dir='ltr'>ideo</span> <span class='ocrx_word' id='word_1_547' title='bbox 329 5160 536 5218; x_wconf 88' lang='lat' dir='ltr'>contenebrati</span> <span class='ocrx_word' id='word_1_548' title='bbox 549 5166 622 5219; x_wconf 89' lang='lat' dir='ltr'>sunt</span> <span class='ocrx_word' id='word_1_549' title='bbox 636 5161 715 5220; x_wconf 91' lang='lat' dir='ltr'>oculi</span> <span class='ocrx_word' id='word_1_550' title='bbox 730 5163 824 5220; x_wconf 88' lang='lat' dir='ltr'>nostri</span> <span class='ocrx_word' id='word_1_551' title='bbox 838 5168 959 5236; x_wconf 83' lang='lat' dir='ltr'>propter</span> <span class='ocrx_word' id='word_1_552' title='bbox 1011 5163 1154 5222; x_wconf 88' lang='lat' dir='ltr'>ccrbstus</span> <span class='ocrx_word' id='word_1_553' title='bbox 1169 5161 1269 5220; x_wconf 90' lang='lat' dir='ltr'>multis</span> <span class='ocrx_word' id='word_1_554' title='bbox 1281 5159 1408 5218; x_wconf 82' lang='lat' dir='ltr'>vinculis</span> <span class='ocrx_word' id='word_1_555' title='bbox 1422 5157 1568 5218; x_wconf 87' lang='lat' dir='ltr'>terreisad</span> <span class='ocrx_word' id='word_1_556' title='bbox 1578 5173 1641 5217; x_wconf 91' lang='lat' dir='ltr'>non</span> <span class='ocrx_word' id='word_1_557' title='bbox 1655 5158 1832 5230; x_wconf 76' lang='lat' dir='ltr'>erigendum</span> 
     </span>
    </p>

    <p class='ocr_par' dir='ltr' id='par_1_21' title="bbox 124 5247 1112 5325">
     <span class='ocr_line' id='line_1_57' title="bbox 124 5247 1112 5325; baseline 0.001 -19"><span class='ocrx_word' id='word_1_558' title='bbox 124 5253 262 5306; x_wconf 89' lang='lat' dir='ltr'>montem</span> <span class='ocrx_word' id='word_1_559' title='bbox 270 5247 354 5322; x_wconf 82' lang='lat' dir='ltr'>Sycn</span> <span class='ocrx_word' id='word_1_560' title='bbox 363 5247 594 5323; x_wconf 75' lang='lat' dir='ltr'>quiadisperiits</span> <span class='ocrx_word' id='word_1_561' title='bbox 608 5250 715 5322; x_wconf 80' lang='lat' dir='ltr'>vulpes</span> <span class='ocrx_word' id='word_1_562' title='bbox 727 5249 961 5310; x_wconf 72' lang='lat' dir='ltr'>ambulaberunt</span> <span class='ocrx_word' id='word_1_563' title='bbox 1011 5255 1112 5325; x_wconf 90' lang='lat' dir='ltr'>caput.</span> 
     </span>
    </p>

    <p class='ocr_par' dir='ltr' id='par_1_22' title="bbox 126 5337 1837 5502">
     <span class='ocr_line' id='line_1_58' title="bbox 126 5337 1837 5412; baseline 0.002 -18"><span class='ocrx_word' id='word_1_564' title='bbox 126 5352 190 5412; x_wconf 87' lang='lat' dir='ltr'>par</span> <span class='ocrx_word' id='word_1_565' title='bbox 203 5352 284 5395; x_wconf 89' lang='lat' dir='ltr'>eum.</span> <span class='ocrx_word' id='word_1_566' title='bbox 1047 5337 1197 5405; x_wconf 82' lang='lat' dir='ltr'>Quoniam</span> <span class='ocrx_word' id='word_1_567' title='bbox 1210 5353 1271 5396; x_wconf 92' lang='lat' dir='ltr'>non</span> <span class='ocrx_word' id='word_1_568' title='bbox 1285 5353 1354 5395; x_wconf 88' lang='lat' dir='ltr'>eum</span> <span class='ocrx_word' id='word_1_569' title='bbox 1373 5338 1485 5410; x_wconf 77' lang='lat' dir='ltr'>dignm</span> <span class='ocrx_word' id='word_1_570' title='bbox 1499 5337 1670 5410; x_wconf 83' lang='lat' dir='ltr'>aspicereet</span> <span class='ocrx_word' id='word_1_571' title='bbox 1682 5337 1837 5397; x_wconf 86' lang='lat' dir='ltr'>videreal·</span> 
     </span>
     <span class='ocr_line' id='line_1_59' title="bbox 167 5423 1603 5502; baseline 0.001 -18"><span class='ocrx_word' id='word_1_572' title='bbox 167 5423 446 5500; x_wconf 77' lang='lat' dir='ltr'>[mrulluautem</span> <span class='ocrx_word' id='word_1_573' title='bbox 457 5425 619 5486; x_wconf 66' lang='lat' dir='ltr'>Meninain</span> <span class='ocrx_word' id='word_1_574' title='bbox 631 5430 768 5486; x_wconf 90' lang='lat' dir='ltr'>aternum</span> <span class='ocrx_word' id='word_1_575' title='bbox 779 5443 956 5502; x_wconf 80' lang='lat' dir='ltr'>permanese</span> <span class='ocrx_word' id='word_1_576' title='bbox 1011 5425 1172 5486; x_wconf 91' lang='lat' dir='ltr'>titudinem</span> <span class='ocrx_word' id='word_1_577' title='bbox 1186 5423 1241 5484; x_wconf 85' lang='lat' dir='ltr'>celi</span> <span class='ocrx_word' id='word_1_578' title='bbox 1254 5443 1261 5484; x_wconf 92' lang='lat'>:</span> <span class='ocrx_word' id='word_1_579' title='bbox 1273 5441 1325 5500; x_wconf 89' lang='lat' dir='ltr'>pre</span> <span class='ocrx_word' id='word_1_580' title='bbox 1344 5425 1495 5484; x_wconf 87' lang='lat' dir='ltr'>iniustitiis</span> <span class='ocrx_word' id='word_1_581' title='bbox 1518 5427 1603 5486; x_wconf 87' lang='lat' dir='ltr'>mois.</span> 
     </span>
    </p>

    <p class='ocr_par' dir='ltr' id='par_1_23' title="bbox 123 5512 1835 5605">
     <span class='ocr_line' id='line_1_60' title="bbox 123 5512 1835 5605; baseline 0.003 -27"><span class='ocrx_word' id='word_1_582' title='bbox 123 5517 161 5594; x_wconf 74' lang='lat' dir='ltr'>et</span> <span class='ocrx_word' id='word_1_583' title='bbox 178 5512 290 5584; x_wconf 80' lang='lat' dir='ltr'>roien</span> <span class='ocrx_word' id='word_1_584' title='bbox 306 5517 394 5578; x_wconf 81' lang='lat' dir='ltr'>tuum</span> <span class='ocrx_word' id='word_1_585' title='bbox 405 5513 437 5577; x_wconf 85' lang='lat' dir='ltr'>u</span> <span class='ocrx_word' id='word_1_586' title='bbox 446 5515 887 5605; x_wconf 58' lang='lat' dir='ltr'>montecrescone.</span> <span class='ocrx_word' id='word_1_587' title='bbox 1047 5514 1196 5596; x_wconf 74' lang='lat' dir='ltr'>Quoniam</span> <span class='ocrx_word' id='word_1_588' title='bbox 1204 5514 1319 5589; x_wconf 82' lang='lat' dir='ltr'>irritabi</span> <span class='ocrx_word' id='word_1_589' title='bbox 1329 5515 1461 5591; x_wconf 83' lang='lat' dir='ltr'>turonem</span> <span class='ocrx_word' id='word_1_590' title='bbox 1469 5519 1555 5576; x_wconf 90' lang='lat' dir='ltr'>tuum</span> <span class='ocrx_word' id='word_1_591' title='bbox 1564 5515 1654 5584; x_wconf 83' lang='lat' dir='ltr'>atteot</span> <span class='ocrx_word' id='word_1_592' title='bbox 1660 5514 1772 5582; x_wconf 82' lang='grc' dir='ltr'>ιιιιΙιιιιι</span> <span class='ocrx_word' id='word_1_593' title='bbox 1786 5531 1835 5582; x_wconf 77' lang='lat' dir='ltr'>oo-</span> 
     </span>
    </p>
   </div>
   <div class='ocr_carea' id='block_1_7' title="bbox 0 0 2064 6173">
    <p class='ocr_par' dir='ltr' id='par_1_24' title="bbox 0 0 2064 6173">
     <span class='ocr_line' id='line_1_61' title="bbox 0 0 2064 6173; baseline 0 0"><span class='ocrx_word' id='word_1_594' title='bbox 0 0 2064 6173; x_wconf 95' lang='lat' dir='ltr'> </span> 
     </span>
    </p>
   </div>
  </div>
 </body>
</html>
