<?xml version="1.0" encoding="UTF-8"?>
<!DOCTYPE html PUBLIC "-//W3C//DTD XHTML 1.0 Transitional//EN"
    "http://www.w3.org/TR/xhtml1/DTD/xhtml1-transitional.dtd">
<html xmlns="http://www.w3.org/1999/xhtml" xml:lang="en" lang="en">
 <head>
  <title>
</title>
<meta http-equiv="Content-Type" content="text/html;charset=utf-8" />
  <meta name='ocr-system' content='tesseract 3.04.00' />
  <meta name='ocr-capabilities' content='ocr_page ocr_carea ocr_par ocr_line ocrx_word'/>
</head>
<body>
  <div class='ocr_page' id='page_1' title='image "./patrologiaecurs129unkngoog_0229.png"; bbox 0 0 4117 6175; ppageno 0'>
   <div class='ocr_carea' id='block_1_1' title="bbox 112 180 1826 267">
    <p class='ocr_par' dir='ltr' id='par_1_1' title="bbox 112 180 1826 267">
     <span class='ocr_line' id='line_1_1' title="bbox 112 180 1826 267; baseline 0.007 -19"><span class='ocrx_word' id='word_1_1' title='bbox 112 188 171 249; x_wconf 78' lang='lat' dir='ltr'><strong>tre</strong></span> <span class='ocrx_word' id='word_1_2' title='bbox 584 180 591 189; x_wconf 48' lang='lat'>¹</span> <span class='ocrx_word' id='word_1_3' title='bbox 708 187 882 253; x_wconf 74' lang='lat' dir='ltr'><strong>uenturos</strong></span> <span class='ocrx_word' id='word_1_4' title='bbox 900 190 938 250; x_wconf 83' lang='lat' dir='ltr'><strong>IV</strong></span> <span class='ocrx_word' id='word_1_5' title='bbox 956 180 1261 263; x_wconf 70' lang='lat' dir='ltr'><strong>QUADRAGESIMAE&#39;.</strong></span> <span class='ocrx_word' id='word_1_6' title='bbox 1773 210 1826 267; x_wconf 67' lang='lat' dir='ltr'><strong>tm</strong></span> 
     </span>
    </p>
   </div>
   <div class='ocr_carea' id='block_1_2' title="bbox 102 316 1828 5526">
    <p class='ocr_par' dir='ltr' id='par_1_2' title="bbox 102 316 1828 5526">
     <span class='ocr_line' id='line_1_2' title="bbox 103 316 1824 401; baseline 0.008 -29"><span class='ocrx_word' id='word_1_7' title='bbox 103 333 216 373; x_wconf 84' lang='lat' dir='ltr'><strong>versus</strong></span> <span class='ocrx_word' id='word_1_8' title='bbox 232 317 379 375; x_wconf 81' lang='lat' dir='ltr'><strong>Christum</strong></span> <span class='ocrx_word' id='word_1_9' title='bbox 392 318 468 388; x_wconf 84' lang='lat' dir='ltr'><strong>ejns.</strong></span> <span class='ocrx_word' id='word_1_10' title='bbox 483 321 514 375; x_wconf 99' lang='lat' dir='ltr'><strong>P.</strong></span> <span class='ocrx_word' id='word_1_11' title='bbox 530 318 585 384; x_wconf 82' lang='lat' dir='ltr'><strong>Qui</strong></span> <span class='ocrx_word' id='word_1_12' title='bbox 594 318 711 377; x_wconf 90' lang='lat' dir='ltr'><strong>habitat</strong></span> <span class='ocrx_word' id='word_1_13' title='bbox 725 320 757 377; x_wconf 95' lang='lat' dir='ltr'><strong>in</strong></span> <span class='ocrx_word' id='word_1_14' title='bbox 769 318 862 385; x_wconf 83' lang='lat' dir='ltr'><strong>omlis,</strong></span> <span class='ocrx_word' id='word_1_15' title='bbox 879 316 941 374; x_wconf 89' lang='lat' dir='ltr'><strong>irri·</strong></span> <span class='ocrx_word' id='word_1_16' title='bbox 958 317 1025 372; x_wconf 83' lang='lat' dir='ltr'><strong>Aet</strong></span> <span class='ocrx_word' id='word_1_17' title='bbox 1038 318 1156 389; x_wconf 92' lang='lat' dir='ltr'><strong>propria</strong></span> <span class='ocrx_word' id='word_1_18' title='bbox 1166 320 1217 376; x_wconf 87' lang='lat' dir='ltr'><strong>tibi</strong></span> <span class='ocrx_word' id='word_1_19' title='bbox 1232 321 1356 380; x_wconf 82' lang='lat' dir='ltr'><strong>tlomino</strong></span> <span class='ocrx_word' id='word_1_20' title='bbox 1370 321 1532 394; x_wconf 75' lang='lat' dir='ltr'><strong>pandentes</strong></span> <span class='ocrx_word' id='word_1_21' title='bbox 1545 326 1670 399; x_wconf 87' lang='lat' dir='ltr'><strong>piacula,</strong></span> <span class='ocrx_word' id='word_1_22' title='bbox 1681 330 1824 401; x_wconf 84' lang='lat' dir='ltr'><strong>ejulantes</strong></span> 
     </span>
     <span class='ocr_line' id='line_1_3' title="bbox 104 403 1824 483; baseline 0.009 -20"><span class='ocrx_word' id='word_1_23' title='bbox 104 407 195 463; x_wconf 90' lang='lat' dir='ltr'><strong>debit</strong></span> <span class='ocrx_word' id='word_1_24' title='bbox 207 422 261 463; x_wconf 90' lang='lat' dir='ltr'><strong>eos</strong></span> <span class='ocrx_word' id='word_1_25' title='bbox 274 424 281 461; x_wconf 90' lang='lat'>:</span> <span class='ocrx_word' id='word_1_26' title='bbox 293 409 322 462; x_wconf 94' lang='lat' dir='ltr'><strong>et</strong></span> <span class='ocrx_word' id='word_1_27' title='bbox 336 407 480 462; x_wconf 83' lang='lat' dir='ltr'><strong>Dominus</strong></span> <span class='ocrx_word' id='word_1_28' title='bbox 493 407 696 465; x_wconf 76' lang='lat' dir='ltr'>subsannabit</span> <span class='ocrx_word' id='word_1_29' title='bbox 715 424 767 466; x_wconf 89' lang='lat' dir='ltr'><strong>eos</strong></span> <span class='ocrx_word' id='word_1_30' title='bbox 786 425 793 463; x_wconf 75' lang='grc' dir='ltr'><strong>ι</strong></span> <span class='ocrx_word' id='word_1_31' title='bbox 807 409 877 464; x_wconf 90' lang='lat' dir='ltr'><strong>etin</strong></span> <span class='ocrx_word' id='word_1_32' title='bbox 898 407 941 464; x_wconf 87' lang='lat' dir='ltr'><strong>tu·</strong></span> <span class='ocrx_word' id='word_1_33' title='bbox 995 403 1167 476; x_wconf 76' lang='lat' dir='ltr'>lachrymis,</span> <span class='ocrx_word' id='word_1_34' title='bbox 1182 413 1301 480; x_wconf 78' lang='lat' dir='ltr'><strong>pectore</strong></span> <span class='ocrx_word' id='word_1_35' title='bbox 1310 409 1466 466; x_wconf 86' lang='lat' dir='ltr'><strong>verberato</strong></span> <span class='ocrx_word' id='word_1_36' title='bbox 1481 411 1628 483; x_wconf 89' lang='lat' dir='ltr'><strong>supplices</strong></span> <span class='ocrx_word' id='word_1_37' title='bbox 1637 429 1777 479; x_wconf 88' lang='lat' dir='ltr'><strong>oramus:</strong></span> <span class='ocrx_word' id='word_1_38' title='bbox 1791 426 1824 478; x_wconf 92' lang='lat' dir='ltr'><strong>ut</strong></span> 
     </span>
     <span class='ocr_line' id='line_1_4' title="bbox 104 494 1822 582; baseline 0.009 -31"><span class='ocrx_word' id='word_1_39' title='bbox 104 511 187 551; x_wconf 78' lang='lat' dir='ltr'><strong>rors-</strong></span> <span class='ocrx_word' id='word_1_40' title='bbox 203 510 259 551; x_wconf 91' lang='lat' dir='ltr'><strong>sno</strong></span> <span class='ocrx_word' id='word_1_41' title='bbox 285 494 476 551; x_wconf 81' lang='lat' dir='ltr'>conturbabit</span> <span class='ocrx_word' id='word_1_42' title='bbox 498 510 559 552; x_wconf 88' lang='lat' dir='ltr'><strong>eos.</strong></span> <span class='ocrx_word' id='word_1_43' title='bbox 583 495 614 558; x_wconf 79' lang='lat' dir='ltr'><strong>lt.</strong></span> <span class='ocrx_word' id='word_1_44' title='bbox 641 499 737 563; x_wconf 81' lang='lat' dir='ltr'><strong>Quare</strong></span> <span class='ocrx_word' id='word_1_45' title='bbox 756 497 942 553; x_wconf 79' lang='lat' dir='ltr'><strong>tremuerunt</strong></span> <span class='ocrx_word' id='word_1_46' title='bbox 995 499 1112 549; x_wconf 88' lang='lat' dir='ltr'><strong>avertas</strong></span> <span class='ocrx_word' id='word_1_47' title='bbox 1126 496 1263 553; x_wconf 86' lang='lat' dir='ltr'><strong>anostris</strong></span> <span class='ocrx_word' id='word_1_48' title='bbox 1278 497 1438 554; x_wconf 80' lang='lat' dir='ltr'><strong>sceleribus</strong></span> <span class='ocrx_word' id='word_1_49' title='bbox 1450 498 1575 569; x_wconf 81' lang='lat' dir='ltr'><strong>faciem3</strong></span> <span class='ocrx_word' id='word_1_50' title='bbox 1592 506 1620 557; x_wconf 90' lang='lat' dir='ltr'><strong>et</strong></span> <span class='ocrx_word' id='word_1_51' title='bbox 1632 503 1742 576; x_wconf 86' lang='lat' dir='ltr'><strong>deleas,</strong></span> <span class='ocrx_word' id='word_1_52' title='bbox 1753 525 1822 582; x_wconf 85' lang='lat' dir='ltr'><strong>qnae</strong></span> 
     </span>
     <span class='ocr_line' id='line_1_5' title="bbox 104 580 1823 659; baseline 0.009 -22"><span class='ocrx_word' id='word_1_53' title='bbox 104 586 226 651; x_wconf 80' lang='lat' dir='ltr'><strong>gentes,</strong></span> <span class='ocrx_word' id='word_1_54' title='bbox 243 586 271 637; x_wconf 93' lang='lat' dir='ltr'><strong>et</strong></span> <span class='ocrx_word' id='word_1_55' title='bbox 284 581 389 654; x_wconf 91' lang='lat' dir='ltr'><strong>populi</strong></span> <span class='ocrx_word' id='word_1_56' title='bbox 402 582 537 639; x_wconf 89' lang='lat' dir='ltr'><strong>meditati</strong></span> <span class='ocrx_word' id='word_1_57' title='bbox 552 587 620 639; x_wconf 90' lang='lat' dir='ltr'><strong>sunt</strong></span> <span class='ocrx_word' id='word_1_58' title='bbox 633 584 739 642; x_wconf 90' lang='lat' dir='ltr'><strong>inania</strong></span> <span class='ocrx_word' id='word_1_59' title='bbox 752 583 768 639; x_wconf 81' lang='lat' dir='ltr'><strong>i</strong></span> <span class='ocrx_word' id='word_1_60' title='bbox 779 585 811 639; x_wconf 91' lang='lat' dir='ltr'><strong>P.</strong></span> <span class='ocrx_word' id='word_1_61' title='bbox 829 584 894 651; x_wconf 81' lang='lat' dir='ltr'><strong>Qui.</strong></span> <span class='ocrx_word' id='word_1_62' title='bbox 907 583 941 643; x_wconf 84' lang='lat' dir='ltr'><strong>v.</strong></span> <span class='ocrx_word' id='word_1_63' title='bbox 995 580 1154 650; x_wconf 78' lang='lat' dir='ltr'><strong>gessimus,</strong></span> <span class='ocrx_word' id='word_1_64' title='bbox 1174 588 1282 641; x_wconf 79' lang='lat' dir='ltr'><strong>ennete</strong></span> <span class='ocrx_word' id='word_1_65' title='bbox 1294 588 1503 656; x_wconf 86' lang='lat' dir='ltr'><strong>peccata.Crea</strong></span> <span class='ocrx_word' id='word_1_66' title='bbox 1518 587 1617 659; x_wconf 88' lang='lat' dir='ltr'><strong>itaque</strong></span> <span class='ocrx_word' id='word_1_67' title='bbox 1631 590 1708 647; x_wconf 85' lang='lat' dir='ltr'><strong>Dens</strong></span> <span class='ocrx_word' id='word_1_68' title='bbox 1718 592 1823 652; x_wconf 88' lang='lat' dir='ltr'><strong>incor-</strong></span> 
     </span>
     <span class='ocr_line' id='line_1_6' title="bbox 107 667 1822 747; baseline 0.008 -21"><span class='ocrx_word' id='word_1_69' title='bbox 107 669 227 727; x_wconf 84' lang='lat' dir='ltr'><strong>Gloria.</strong></span> <span class='ocrx_word' id='word_1_70' title='bbox 243 670 276 726; x_wconf 88' lang='lat' dir='ltr'><strong>P.</strong></span> <span class='ocrx_word' id='word_1_71' title='bbox 290 670 355 735; x_wconf 82' lang='lat' dir='ltr'><strong>Qui.</strong></span> <span class='ocrx_word' id='word_1_72' title='bbox 819 715 823 723; x_wconf 89' lang='lat'><strong>.</strong></span> <span class='ocrx_word' id='word_1_73' title='bbox 994 667 1085 725; x_wconf 90' lang='lat' dir='ltr'><strong>dibus</strong></span> <span class='ocrx_word' id='word_1_74' title='bbox 1101 672 1222 742; x_wconf 82' lang='lat' dir='ltr'><strong>nostris,</strong></span> <span class='ocrx_word' id='word_1_75' title='bbox 1246 672 1328 744; x_wconf 88' lang='lat' dir='ltr'><strong>quod</strong></span> <span class='ocrx_word' id='word_1_76' title='bbox 1343 688 1447 741; x_wconf 90' lang='lat' dir='ltr'><strong>ames;</strong></span> <span class='ocrx_word' id='word_1_77' title='bbox 1464 678 1492 730; x_wconf 89' lang='lat' dir='ltr'><strong>et</strong></span> <span class='ocrx_word' id='word_1_78' title='bbox 1513 674 1724 747; x_wconf 82' lang='lat' dir='ltr'><strong>propitiatione</strong></span> <span class='ocrx_word' id='word_1_79' title='bbox 1738 681 1822 741; x_wconf 91' lang='lat' dir='ltr'><strong>solita</strong></span> 
     </span>
     <span class='ocr_line' id='line_1_7' title="bbox 149 754 1822 833; baseline 0.007 -19"><span class='ocrx_word' id='word_1_80' title='bbox 149 758 267 816; x_wconf 85' lang='lat' dir='ltr'><strong>Oratio.</strong></span> <span class='ocrx_word' id='word_1_81' title='bbox 280 760 357 815; x_wconf 85' lang='lat' dir='ltr'><strong>Deus</strong></span> <span class='ocrx_word' id='word_1_82' title='bbox 367 758 452 815; x_wconf 91' lang='lat' dir='ltr'><strong>Pater</strong></span> <span class='ocrx_word' id='word_1_83' title='bbox 464 758 612 829; x_wconf 88' lang='lat' dir='ltr'><strong>Unigeniti</strong></span> <span class='ocrx_word' id='word_1_84' title='bbox 624 758 677 817; x_wconf 87' lang='lat' dir='ltr'><strong>tilii</strong></span> <span class='ocrx_word' id='word_1_85' title='bbox 691 760 743 826; x_wconf 86' lang='lat' dir='ltr'><strong>toi,</strong></span> <span class='ocrx_word' id='word_1_86' title='bbox 759 761 811 833; x_wconf 88' lang='lat' dir='ltr'><strong>qui</strong></span> <span class='ocrx_word' id='word_1_87' title='bbox 822 759 942 817; x_wconf 88' lang='lat' dir='ltr'><strong>habitas</strong></span> <span class='ocrx_word' id='word_1_88' title='bbox 995 754 1121 825; x_wconf 87' lang='lat' dir='ltr'><strong>dimitte,</strong></span> <span class='ocrx_word' id='word_1_89' title='bbox 1131 760 1214 832; x_wconf 86' lang='lat' dir='ltr'><strong>quod</strong></span> <span class='ocrx_word' id='word_1_90' title='bbox 1226 762 1292 817; x_wconf 90' lang='lat' dir='ltr'><strong>odis</strong></span> <span class='ocrx_word' id='word_1_91' title='bbox 1310 777 1317 817; x_wconf 76' lang='grc' dir='ltr'><strong>ι</strong></span> <span class='ocrx_word' id='word_1_92' title='bbox 1331 777 1365 819; x_wconf 86' lang='lat' dir='ltr'><strong>aa</strong></span> <span class='ocrx_word' id='word_1_93' title='bbox 1378 762 1403 819; x_wconf 89' lang='lat' dir='ltr'><strong>si</strong></span> <span class='ocrx_word' id='word_1_94' title='bbox 1418 766 1446 819; x_wconf 91' lang='lat' dir='ltr'><strong>te</strong></span> <span class='ocrx_word' id='word_1_95' title='bbox 1459 762 1564 821; x_wconf 89' lang='lat' dir='ltr'><strong>crebro</strong></span> <span class='ocrx_word' id='word_1_96' title='bbox 1579 764 1618 820; x_wconf 89' lang='lat' dir='ltr'><strong>ad</strong></span> <span class='ocrx_word' id='word_1_97' title='bbox 1632 764 1822 826; x_wconf 90' lang='lat' dir='ltr'><strong>irascendum</strong></span> 
     </span>
     <span class='ocr_line' id='line_1_8' title="bbox 107 845 1822 926; baseline 0.006 -24"><span class='ocrx_word' id='word_1_98' title='bbox 107 846 306 917; x_wconf 83' lang='lat' dir='ltr'><strong>incmtis,qui</strong></span> <span class='ocrx_word' id='word_1_99' title='bbox 314 845 482 903; x_wconf 77' lang='lat' dir='ltr'><strong>irridendos</strong></span> <span class='ocrx_word' id='word_1_100' title='bbox 492 852 582 920; x_wconf 82' lang='lat' dir='ltr'><strong>atque</strong></span> <span class='ocrx_word' id='word_1_101' title='bbox 595 847 829 905; x_wconf 86' lang='lat' dir='ltr'><strong>subsannandos</strong></span> <span class='ocrx_word' id='word_1_102' title='bbox 836 862 942 905; x_wconf 90' lang='lat' dir='ltr'><strong>omnes</strong></span> <span class='ocrx_word' id='word_1_103' title='bbox 994 849 1098 902; x_wconf 88' lang='lat' dir='ltr'><strong>nostra</strong></span> <span class='ocrx_word' id='word_1_104' title='bbox 1116 854 1294 921; x_wconf 83' lang='lat' dir='ltr'><strong>exasperant</strong></span> <span class='ocrx_word' id='word_1_105' title='bbox 1316 850 1406 918; x_wconf 89' lang='lat' dir='ltr'><strong>vitia;</strong></span> <span class='ocrx_word' id='word_1_106' title='bbox 1422 855 1472 907; x_wconf 90' lang='lat' dir='ltr'><strong>tua</strong></span> <span class='ocrx_word' id='word_1_107' title='bbox 1499 854 1527 909; x_wconf 91' lang='lat' dir='ltr'><strong>te</strong></span> <span class='ocrx_word' id='word_1_108' title='bbox 1540 852 1630 911; x_wconf 87' lang='lat' dir='ltr'><strong>nobis</strong></span> <span class='ocrx_word' id='word_1_109' title='bbox 1643 853 1822 926; x_wconf 87' lang='lat' dir='ltr'><strong>placabitsm</strong></span> 
     </span>
     <span class='ocr_line' id='line_1_9' title="bbox 105 931 1483 1010; baseline 0.004 -21"><span class='ocrx_word' id='word_1_110' title='bbox 105 948 202 1004; x_wconf 88' lang='lat' dir='ltr'><strong>reges</strong></span> <span class='ocrx_word' id='word_1_111' title='bbox 210 939 293 990; x_wconf 82' lang='lat' dir='ltr'><strong>terra</strong></span> <span class='ocrx_word' id='word_1_112' title='bbox 302 937 329 990; x_wconf 90' lang='lat' dir='ltr'><strong>et</strong></span> <span class='ocrx_word' id='word_1_113' title='bbox 341 933 500 1007; x_wconf 89' lang='lat' dir='ltr'><strong>principes,</strong></span> <span class='ocrx_word' id='word_1_114' title='bbox 512 935 674 993; x_wconf 87' lang='lat' dir='ltr'><strong>adversum</strong></span> <span class='ocrx_word' id='word_1_115' title='bbox 691 937 841 995; x_wconf 86' lang='lat' dir='ltr'><strong>Christum</strong></span> <span class='ocrx_word' id='word_1_116' title='bbox 855 941 941 992; x_wconf 90' lang='lat' dir='ltr'><strong>tuum</strong></span> <span class='ocrx_word' id='word_1_117' title='bbox 993 931 1101 990; x_wconf 89' lang='lat' dir='ltr'><strong>reddet</strong></span> <span class='ocrx_word' id='word_1_118' title='bbox 1115 933 1309 1008; x_wconf 88' lang='lat' dir='ltr'><strong>indulgentia.</strong></span> <span class='ocrx_word' id='word_1_119' title='bbox 1330 949 1362 1010; x_wconf 74' lang='lat' dir='ltr'><strong>p.</strong></span> <span class='ocrx_word' id='word_1_120' title='bbox 1377 946 1483 997; x_wconf 78' lang='lat' dir='ltr'><strong>amen.</strong></span> 
     </span>
     <span class='ocr_line' id='line_1_10' title="bbox 107 1022 1093 1098; baseline -0.002 -19"><span class='ocrx_word' id='word_1_121' title='bbox 107 1023 337 1090; x_wconf 89' lang='lat' dir='ltr'><strong>convenientes,</strong></span> <span class='ocrx_word' id='word_1_122' title='bbox 350 1022 484 1079; x_wconf 87' lang='lat' dir='ltr'><strong>ostendis</strong></span> <span class='ocrx_word' id='word_1_123' title='bbox 505 1039 512 1090; x_wconf 91' lang='lat'>;</span> <span class='ocrx_word' id='word_1_124' title='bbox 533 1022 568 1080; x_wconf 89' lang='lat' dir='ltr'><strong>de</strong></span> <span class='ocrx_word' id='word_1_125' title='bbox 584 1024 672 1081; x_wconf 88' lang='lat' dir='ltr'><strong>nobis</strong></span> <span class='ocrx_word' id='word_1_126' title='bbox 683 1025 812 1098; x_wconf 88' lang='lat' dir='ltr'><strong>speciale</strong></span> <span class='ocrx_word' id='word_1_127' title='bbox 829 1039 941 1081; x_wconf 86' lang='lat' dir='ltr'><strong>munus</strong></span> <span class='ocrx_word' id='word_1_128' title='bbox 1029 1022 1093 1079; x_wconf 89' lang='lat' dir='ltr'><strong>Per.</strong></span> 
     </span>
     <span class='ocr_line' id='line_1_11' title="bbox 107 1110 1821 1192; baseline 0.006 -26"><span class='ocrx_word' id='word_1_129' title='bbox 107 1110 171 1167; x_wconf 88' lang='lat' dir='ltr'><strong>boc</strong></span> <span class='ocrx_word' id='word_1_130' title='bbox 186 1110 368 1180; x_wconf 61' lang='lat' dir='ltr'><strong>matiatnse,</strong></span> <span class='ocrx_word' id='word_1_131' title='bbox 383 1115 416 1166; x_wconf 90' lang='lat' dir='ltr'><strong>nt</strong></span> <span class='ocrx_word' id='word_1_132' title='bbox 427 1110 562 1168; x_wconf 90' lang='lat' dir='ltr'><strong>adversis</strong></span> <span class='ocrx_word' id='word_1_133' title='bbox 587 1112 758 1169; x_wconf 87' lang='lat' dir='ltr'><strong>nesciamus</strong></span> <span class='ocrx_word' id='word_1_134' title='bbox 776 1112 942 1170; x_wconf 88' lang='lat' dir='ltr'><strong>ullomodo</strong></span> <span class='ocrx_word' id='word_1_135' title='bbox 1029 1110 1821 1192; x_wconf 60' lang='lat' dir='ltr'><strong>Adcontremescamus.contundanturomnesqui</strong></span> 
     </span>
     <span class='ocr_line' id='line_1_12' title="bbox 108 1197 1821 1279; baseline 0.006 -26"><span class='ocrx_word' id='word_1_136' title='bbox 108 1197 219 1254; x_wconf 90' lang='lat' dir='ltr'><strong>cedere</strong></span> <span class='ocrx_word' id='word_1_137' title='bbox 237 1214 320 1271; x_wconf 86' lang='lat' dir='ltr'><strong>:quo</strong></span> <span class='ocrx_word' id='word_1_138' title='bbox 337 1198 382 1254; x_wconf 92' lang='lat' dir='ltr'><strong>sic</strong></span> <span class='ocrx_word' id='word_1_139' title='bbox 392 1198 423 1253; x_wconf 94' lang='lat' dir='ltr'><strong>in</strong></span> <span class='ocrx_word' id='word_1_140' title='bbox 434 1198 535 1257; x_wconf 84' lang='lat' dir='ltr'><strong>lurore</strong></span> <span class='ocrx_word' id='word_1_141' title='bbox 547 1204 598 1257; x_wconf 92' lang='lat' dir='ltr'><strong>tuo</strong></span> <span class='ocrx_word' id='word_1_142' title='bbox 607 1199 769 1257; x_wconf 88' lang='lat' dir='ltr'><strong>infidelitas</strong></span> <span class='ocrx_word' id='word_1_143' title='bbox 785 1200 941 1257; x_wconf 88' lang='lat' dir='ltr'><strong>conturbe—</strong></span> <span class='ocrx_word' id='word_1_144' title='bbox 993 1210 1043 1253; x_wconf 89' lang='lat' dir='ltr'><strong>me</strong></span> <span class='ocrx_word' id='word_1_145' title='bbox 1052 1205 1282 1272; x_wconf 87' lang='lat' dir='ltr'><strong>persequuntur,</strong></span> <span class='ocrx_word' id='word_1_146' title='bbox 1296 1207 1326 1259; x_wconf 90' lang='lat' dir='ltr'><strong>et</strong></span> <span class='ocrx_word' id='word_1_147' title='bbox 1338 1218 1400 1259; x_wconf 94' lang='lat' dir='ltr'><strong>non</strong></span> <span class='ocrx_word' id='word_1_148' title='bbox 1419 1202 1587 1261; x_wconf 83' lang='lat' dir='ltr'><strong>confundar</strong></span> <span class='ocrx_word' id='word_1_149' title='bbox 1601 1219 1657 1275; x_wconf 89' lang='lat' dir='ltr'><strong>ego</strong></span> <span class='ocrx_word' id='word_1_150' title='bbox 1669 1221 1676 1263; x_wconf 78' lang='grc' dir='ltr'><strong>ι</strong></span> <span class='ocrx_word' id='word_1_151' title='bbox 1690 1211 1821 1279; x_wconf 82' lang='lat' dir='ltr'><strong>paveant</strong></span> 
     </span>
     <span class='ocr_line' id='line_1_13' title="bbox 107 1282 1403 1361; baseline 0.002 -19"><span class='ocrx_word' id='word_1_152' title='bbox 107 1291 170 1356; x_wconf 89' lang='lat' dir='ltr'><strong>tur,</strong></span> <span class='ocrx_word' id='word_1_153' title='bbox 184 1290 219 1342; x_wconf 91' lang='lat' dir='ltr'><strong>nt</strong></span> <span class='ocrx_word' id='word_1_154' title='bbox 232 1302 269 1343; x_wconf 85' lang='lat' dir='ltr'><strong>ex</strong></span> <span class='ocrx_word' id='word_1_155' title='bbox 293 1290 347 1343; x_wconf 91' lang='lat' dir='ltr'><strong>tuo</strong></span> <span class='ocrx_word' id='word_1_156' title='bbox 365 1286 514 1358; x_wconf 89' lang='lat' dir='ltr'><strong>adjutorio</strong></span> <span class='ocrx_word' id='word_1_157' title='bbox 531 1292 638 1346; x_wconf 88' lang='lat' dir='ltr'><strong>nostra</strong></span> <span class='ocrx_word' id='word_1_158' title='bbox 650 1287 809 1346; x_wconf 88' lang='lat' dir='ltr'><strong>credulitas</strong></span> <span class='ocrx_word' id='word_1_159' title='bbox 818 1303 940 1346; x_wconf 91' lang='lat' dir='ltr'><strong>corone·</strong></span> <span class='ocrx_word' id='word_1_160' title='bbox 993 1282 1046 1353; x_wconf 93' lang='lat' dir='ltr'><strong>illi,</strong></span> <span class='ocrx_word' id='word_1_161' title='bbox 1066 1289 1095 1359; x_wconf 88' lang='lat' dir='ltr'><strong>et</strong></span> <span class='ocrx_word' id='word_1_162' title='bbox 1111 1302 1174 1344; x_wconf 93' lang='lat' dir='ltr'><strong>non</strong></span> <span class='ocrx_word' id='word_1_163' title='bbox 1193 1304 1322 1361; x_wconf 91' lang='lat' dir='ltr'><strong>paveam</strong></span> <span class='ocrx_word' id='word_1_164' title='bbox 1337 1304 1403 1360; x_wconf 86' lang='lat' dir='ltr'><strong>ego.</strong></span> 
     </span>
     <span class='ocr_line' id='line_1_14' title="bbox 108 1376 1669 1453; baseline 0.003 -22"><span class='ocrx_word' id='word_1_165' title='bbox 108 1380 171 1431; x_wconf 89' lang='lat' dir='ltr'><strong>tur.</strong></span> <span class='ocrx_word' id='word_1_166' title='bbox 185 1386 218 1445; x_wconf 71' lang='lat' dir='ltr'><strong>a.</strong></span> <span class='ocrx_word' id='word_1_167' title='bbox 229 1376 336 1433; x_wconf 81' lang='lat' dir='ltr'><strong>Amen.</strong></span> <span class='ocrx_word' id='word_1_168' title='bbox 1149 1377 1310 1434; x_wconf 81' lang='lat' dir='ltr'><strong>Canticum</strong></span> <span class='ocrx_word' id='word_1_169' title='bbox 1321 1378 1482 1436; x_wconf 71' lang='lat' dir='ltr'><strong>Hieremia</strong></span> <span class='ocrx_word' id='word_1_170' title='bbox 1493 1379 1578 1449; x_wconf 79' lang='lat' dir='ltr'><strong>(cap.</strong></span> <span class='ocrx_word' id='word_1_171' title='bbox 1589 1382 1669 1453; x_wconf 78' lang='lat' dir='ltr'><strong>nvn).</strong></span> 
     </span>
     <span class='ocr_line' id='line_1_15' title="bbox 146 1465 1822 1539; baseline 0.009 -25"><span class='ocrx_word' id='word_1_172' title='bbox 146 1466 213 1522; x_wconf 79' lang='lat' dir='ltr'><strong>Per.</strong></span> <span class='ocrx_word' id='word_1_173' title='bbox 1030 1465 1111 1522; x_wconf 88' lang='lat' dir='ltr'><strong>Sena</strong></span> <span class='ocrx_word' id='word_1_174' title='bbox 1122 1466 1313 1539; x_wconf 80' lang='lat' dir='ltr'><strong>metiamtur,</strong></span> <span class='ocrx_word' id='word_1_175' title='bbox 1322 1466 1500 1525; x_wconf 89' lang='lat' dir='ltr'><strong>stsanabor:</strong></span> <span class='ocrx_word' id='word_1_176' title='bbox 1512 1468 1524 1493; x_wconf 86' lang='lat'><em>*</em></span> <span class='ocrx_word' id='word_1_177' title='bbox 1534 1468 1652 1525; x_wconf 90' lang='lat' dir='ltr'><strong>salvum</strong></span> <span class='ocrx_word' id='word_1_178' title='bbox 1666 1484 1714 1526; x_wconf 81' lang='lat' dir='ltr'><strong>me</strong></span> <span class='ocrx_word' id='word_1_179' title='bbox 1725 1470 1784 1539; x_wconf 81' lang='lat' dir='ltr'><strong>iac,</strong></span> <span class='ocrx_word' id='word_1_180' title='bbox 1793 1474 1822 1529; x_wconf 89' lang='lat' dir='ltr'><strong>et</strong></span> 
     </span>
     <span class='ocr_line' id='line_1_16' title="bbox 145 1550 1820 1627; baseline 0.007 -20"><span class='ocrx_word' id='word_1_181' title='bbox 145 1552 460 1621; x_wconf 57' lang='lat' dir='ltr'><strong>Actaeaeacteae</strong></span> <span class='ocrx_word' id='word_1_182' title='bbox 472 1552 767 1627; x_wconf 81' lang='lat' dir='ltr'><strong>Domineomnesqni</strong></span> <span class='ocrx_word' id='word_1_183' title='bbox 778 1556 941 1626; x_wconf 88' lang='lat' dir='ltr'><strong>operantur</strong></span> <span class='ocrx_word' id='word_1_184' title='bbox 995 1550 1095 1609; x_wconf 87' lang='lat' dir='ltr'><strong>salvus</strong></span> <span class='ocrx_word' id='word_1_185' title='bbox 1109 1568 1178 1611; x_wconf 87' lang='lat' dir='ltr'><strong>ero:</strong></span> <span class='ocrx_word' id='word_1_186' title='bbox 1193 1555 1339 1626; x_wconf 90' lang='lat' dir='ltr'><strong>qnoniam</strong></span> <span class='ocrx_word' id='word_1_187' title='bbox 1350 1555 1418 1613; x_wconf 87' lang='lat' dir='ltr'><strong>laus</strong></span> <span class='ocrx_word' id='word_1_188' title='bbox 1429 1570 1507 1622; x_wconf 91' lang='lat' dir='ltr'><strong>mea,</strong></span> <span class='ocrx_word' id='word_1_189' title='bbox 1521 1561 1550 1613; x_wconf 88' lang='lat' dir='ltr'><strong>et</strong></span> <span class='ocrx_word' id='word_1_190' title='bbox 1559 1555 1653 1613; x_wconf 90' lang='lat' dir='ltr'><strong>virtus</strong></span> <span class='ocrx_word' id='word_1_191' title='bbox 1664 1563 1770 1616; x_wconf 90' lang='lat' dir='ltr'><strong>meatu</strong></span> <span class='ocrx_word' id='word_1_192' title='bbox 1777 1575 1820 1619; x_wconf 89' lang='lat' dir='ltr'><strong>es.</strong></span> 
     </span>
     <span class='ocr_line' id='line_1_17' title="bbox 107 1638 1820 1716; baseline 0.005 -22"><span class='ocrx_word' id='word_1_193' title='bbox 107 1640 301 1710; x_wconf 87' lang='lat' dir='ltr'><strong>iniquitatem</strong></span> <span class='ocrx_word' id='word_1_194' title='bbox 316 1660 323 1694; x_wconf 72' lang='grc' dir='ltr'><strong>ε</strong></span> <span class='ocrx_word' id='word_1_195' title='bbox 340 1639 372 1693; x_wconf 87' lang='lat' dir='ltr'><strong>P.</strong></span> <span class='ocrx_word' id='word_1_196' title='bbox 381 1639 491 1696; x_wconf 90' lang='lat' dir='ltr'><strong>Perdes</strong></span> <span class='ocrx_word' id='word_1_197' title='bbox 504 1654 557 1697; x_wconf 91' lang='lat' dir='ltr'><strong>eos</strong></span> <span class='ocrx_word' id='word_1_198' title='bbox 568 1641 620 1713; x_wconf 90' lang='lat' dir='ltr'><strong>qui</strong></span> <span class='ocrx_word' id='word_1_199' title='bbox 631 1638 796 1714; x_wconf 85' lang='lat' dir='ltr'><strong>loquuntur</strong></span> <span class='ocrx_word' id='word_1_200' title='bbox 814 1640 940 1697; x_wconf 90' lang='lat' dir='ltr'><strong>menda·</strong></span> <span class='ocrx_word' id='word_1_201' title='bbox 957 1658 984 1716; x_wconf 77' lang='grc' dir='ltr'><strong>Β</strong></span> <span class='ocrx_word' id='word_1_202' title='bbox 1030 1642 1105 1697; x_wconf 84' lang='lat' dir='ltr'><strong>Ecce</strong></span> <span class='ocrx_word' id='word_1_203' title='bbox 1118 1640 1287 1713; x_wconf 88' lang='lat' dir='ltr'><strong>ipsidicunt</strong></span> <span class='ocrx_word' id='word_1_204' title='bbox 1297 1642 1371 1699; x_wconf 89' lang='lat' dir='ltr'><strong>mibi</strong></span> <span class='ocrx_word' id='word_1_205' title='bbox 1386 1659 1392 1698; x_wconf 95' lang='lat'><strong>:</strong></span> <span class='ocrx_word' id='word_1_206' title='bbox 1406 1643 1514 1700; x_wconf 87' lang='lat' dir='ltr'><strong>Ubiest</strong></span> <span class='ocrx_word' id='word_1_207' title='bbox 1527 1643 1654 1701; x_wconf 89' lang='lat' dir='ltr'><strong>verbum</strong></span> <span class='ocrx_word' id='word_1_208' title='bbox 1662 1645 1820 1702; x_wconf 79' lang='lat' dir='ltr'><strong>Dominil·</strong></span> 
     </span>
     <span class='ocr_line' id='line_1_18' title="bbox 109 1726 1818 1805; baseline 0.005 -22"><span class='ocrx_word' id='word_1_209' title='bbox 109 1727 207 1793; x_wconf 77' lang='lat' dir='ltr'><strong>mum,</strong></span> <span class='ocrx_word' id='word_1_210' title='bbox 220 1727 252 1789; x_wconf 73' lang='lat' dir='ltr'><strong>v.</strong></span> <span class='ocrx_word' id='word_1_211' title='bbox 276 1727 384 1785; x_wconf 80' lang='lat' dir='ltr'><strong>ludica</strong></span> <span class='ocrx_word' id='word_1_212' title='bbox 396 1726 474 1797; x_wconf 89' lang='lat' dir='ltr'><strong>illos,</strong></span> <span class='ocrx_word' id='word_1_213' title='bbox 497 1730 584 1786; x_wconf 83' lang='lat' dir='ltr'><strong>Deus.</strong></span> <span class='ocrx_word' id='word_1_214' title='bbox 598 1729 743 1787; x_wconf 82' lang='lat' dir='ltr'><strong>Decidant</strong></span> <span class='ocrx_word' id='word_1_215' title='bbox 758 1728 942 1800; x_wconf 84' lang='lat' dir='ltr'><strong>acogitatio·</strong></span> <span class='ocrx_word' id='word_1_216' title='bbox 994 1728 1102 1786; x_wconf 87' lang='lat' dir='ltr'><strong>veniat.</strong></span> <span class='ocrx_word' id='word_1_217' title='bbox 1120 1731 1153 1787; x_wconf 82' lang='lat' dir='ltr'><strong>at</strong></span> <span class='ocrx_word' id='word_1_218' title='bbox 1164 1744 1223 1800; x_wconf 85' lang='lat' dir='ltr'><strong>ego</strong></span> <span class='ocrx_word' id='word_1_219' title='bbox 1236 1745 1299 1789; x_wconf 94' lang='lat' dir='ltr'><strong>non</strong></span> <span class='ocrx_word' id='word_1_220' title='bbox 1312 1746 1381 1789; x_wconf 89' lang='lat' dir='ltr'><strong>sam</strong></span> <span class='ocrx_word' id='word_1_221' title='bbox 1400 1731 1544 1800; x_wconf 88' lang='lat' dir='ltr'><strong>turbatus,</strong></span> <span class='ocrx_word' id='word_1_222' title='bbox 1564 1736 1593 1790; x_wconf 92' lang='lat' dir='ltr'><strong>te</strong></span> <span class='ocrx_word' id='word_1_223' title='bbox 1604 1736 1757 1805; x_wconf 84' lang='lat' dir='ltr'><strong>pastorem</strong></span> <span class='ocrx_word' id='word_1_224' title='bbox 1772 1750 1818 1792; x_wconf 89' lang='lat' dir='ltr'><strong>se·</strong></span> 
     </span>
     <span class='ocr_line' id='line_1_19' title="bbox 109 1814 1100 1890; baseline 0.002 -19"><span class='ocrx_word' id='word_1_225' title='bbox 109 1814 208 1871; x_wconf 87' lang='lat' dir='ltr'><strong>nibus</strong></span> <span class='ocrx_word' id='word_1_226' title='bbox 221 1815 291 1871; x_wconf 86' lang='lat' dir='ltr'><strong>suis.</strong></span> <span class='ocrx_word' id='word_1_227' title='bbox 450 1878 456 1884; x_wconf 26' lang='lat'><strong>⁴</strong></span> <span class='ocrx_word' id='word_1_228' title='bbox 993 1832 1100 1890; x_wconf 86' lang='lat' dir='ltr'><strong>quens.</strong></span> 
     </span>
     <span class='ocr_line' id='line_1_20' title="bbox 150 1902 1819 1979; baseline 0.006 -21"><span class='ocrx_word' id='word_1_229' title='bbox 150 1902 261 1960; x_wconf 75' lang='grc' dir='ltr'><strong>θναιὶο.</strong></span> <span class='ocrx_word' id='word_1_230' title='bbox 280 1904 368 1971; x_wconf 85' lang='lat' dir='ltr'><strong>Dens,</strong></span> <span class='ocrx_word' id='word_1_231' title='bbox 382 1904 436 1977; x_wconf 86' lang='lat' dir='ltr'><strong>qui</strong></span> <span class='ocrx_word' id='word_1_232' title='bbox 463 1904 533 1962; x_wconf 91' lang='lat' dir='ltr'><strong>odio</strong></span> <span class='ocrx_word' id='word_1_233' title='bbox 547 1904 642 1963; x_wconf 88' lang='lat' dir='ltr'><strong>babes</strong></span> <span class='ocrx_word' id='word_1_234' title='bbox 666 1920 783 1973; x_wconf 92' lang='lat' dir='ltr'><strong>omnes,</strong></span> <span class='ocrx_word' id='word_1_235' title='bbox 803 1906 856 1978; x_wconf 86' lang='lat' dir='ltr'><strong>qui</strong></span> <span class='ocrx_word' id='word_1_236' title='bbox 870 1920 940 1979; x_wconf 90' lang='lat' dir='ltr'><strong>ope·</strong></span> <span class='ocrx_word' id='word_1_237' title='bbox 1029 1907 1064 1961; x_wconf 86' lang='lat' dir='ltr'><strong>nt</strong></span> <span class='ocrx_word' id='word_1_238' title='bbox 1081 1904 1163 1962; x_wconf 90' lang='lat' dir='ltr'><strong>diem</strong></span> <span class='ocrx_word' id='word_1_239' title='bbox 1175 1905 1304 1964; x_wconf 86' lang='lat' dir='ltr'><strong>hominis</strong></span> <span class='ocrx_word' id='word_1_240' title='bbox 1316 1921 1377 1965; x_wconf 92' lang='lat' dir='ltr'><strong>non</strong></span> <span class='ocrx_word' id='word_1_241' title='bbox 1385 1906 1561 1974; x_wconf 88' lang='lat' dir='ltr'><strong>desideravi,</strong></span> <span class='ocrx_word' id='word_1_242' title='bbox 1577 1912 1609 1964; x_wconf 90' lang='lat' dir='ltr'><strong>tu</strong></span> <span class='ocrx_word' id='word_1_243' title='bbox 1624 1908 1693 1965; x_wconf 87' lang='lat' dir='ltr'><strong>scis.</strong></span> <span class='ocrx_word' id='word_1_244' title='bbox 1708 1910 1718 1929; x_wconf 85' lang='grc'><em>·</em></span> <span class='ocrx_word' id='word_1_245' title='bbox 1732 1911 1819 1977; x_wconf 82' lang='lat' dir='ltr'><strong>Quod</strong></span> 
     </span>
     <span class='ocr_line' id='line_1_21' title="bbox 105 1985 1818 2068; baseline 0.004 -19"><span class='ocrx_word' id='word_1_246' title='bbox 105 1992 420 2064; x_wconf 85' lang='lat' dir='ltr'><strong>rantnriniquitatem,</strong></span> <span class='ocrx_word' id='word_1_247' title='bbox 428 1992 579 2050; x_wconf 88' lang='lat' dir='ltr'><strong>charitatis</strong></span> <span class='ocrx_word' id='word_1_248' title='bbox 591 1993 759 2050; x_wconf 89' lang='lat' dir='ltr'><strong>munimine</strong></span> <span class='ocrx_word' id='word_1_249' title='bbox 770 2008 825 2050; x_wconf 88' lang='lat' dir='ltr'><strong>nos</strong></span> <span class='ocrx_word' id='word_1_250' title='bbox 836 1993 918 2065; x_wconf 91' lang='lat' dir='ltr'><strong>reple</strong></span> <span class='ocrx_word' id='word_1_251' title='bbox 931 2013 938 2050; x_wconf 74' lang='grc' dir='ltr'><strong>ι</strong></span> <span class='ocrx_word' id='word_1_252' title='bbox 993 1985 1818 2068; x_wconf 84' lang='lat' dir='ltr'><strong>egressumdelabiismeis,ractumtnconspectutuofuit.</strong></span> 
     </span>
     <span class='ocr_line' id='line_1_22' title="bbox 108 2079 1820 2157; baseline 0.004 -20"><span class='ocrx_word' id='word_1_253' title='bbox 108 2087 142 2137; x_wconf 91' lang='lat' dir='ltr'><strong>nt</strong></span> <span class='ocrx_word' id='word_1_254' title='bbox 167 2079 337 2153; x_wconf 86' lang='lat' dir='ltr'><strong>aliquando</strong></span> <span class='ocrx_word' id='word_1_255' title='bbox 350 2080 391 2137; x_wconf 91' lang='lat' dir='ltr'><strong>ad</strong></span> <span class='ocrx_word' id='word_1_256' title='bbox 419 2085 447 2138; x_wconf 91' lang='lat' dir='ltr'><strong>te</strong></span> <span class='ocrx_word' id='word_1_257' title='bbox 463 2082 610 2149; x_wconf 90' lang='lat' dir='ltr'><strong>conversi,</strong></span> <span class='ocrx_word' id='word_1_258' title='bbox 626 2079 737 2137; x_wconf 91' lang='lat' dir='ltr'><strong>doloris</strong></span> <span class='ocrx_word' id='word_1_259' title='bbox 751 2081 798 2138; x_wconf 88' lang='lat' dir='ltr'><strong>sui</strong></span> <span class='ocrx_word' id='word_1_260' title='bbox 812 2082 942 2139; x_wconf 89' lang='lat' dir='ltr'><strong>sentiant</strong></span> <span class='ocrx_word' id='word_1_261' title='bbox 1028 2083 1093 2139; x_wconf 87' lang='lat' dir='ltr'><strong>Non</strong></span> <span class='ocrx_word' id='word_1_262' title='bbox 1108 2081 1148 2137; x_wconf 87' lang='lat' dir='ltr'><strong>sis</strong></span> <span class='ocrx_word' id='word_1_263' title='bbox 1166 2082 1239 2139; x_wconf 89' lang='lat' dir='ltr'><strong>mibi</strong></span> <span class='ocrx_word' id='word_1_264' title='bbox 1250 2082 1411 2153; x_wconf 83' lang='lat' dir='ltr'><strong>formidini,</strong></span> <span class='ocrx_word' id='word_1_265' title='bbox 1422 2084 1435 2110; x_wconf 85' lang='lat'>*</span> <span class='ocrx_word' id='word_1_266' title='bbox 1455 2098 1523 2157; x_wconf 89' lang='lat' dir='ltr'><strong>spes</strong></span> <span class='ocrx_word' id='word_1_267' title='bbox 1537 2098 1606 2141; x_wconf 89' lang='lat' dir='ltr'><strong>mea</strong></span> <span class='ocrx_word' id='word_1_268' title='bbox 1620 2087 1653 2142; x_wconf 92' lang='lat' dir='ltr'><strong>tn</strong></span> <span class='ocrx_word' id='word_1_269' title='bbox 1666 2084 1698 2141; x_wconf 91' lang='lat' dir='ltr'><strong>in</strong></span> <span class='ocrx_word' id='word_1_270' title='bbox 1711 2084 1760 2142; x_wconf 92' lang='lat' dir='ltr'><strong>die</strong></span> <span class='ocrx_word' id='word_1_271' title='bbox 1778 2086 1820 2144; x_wconf 87' lang='lat' dir='ltr'><strong>ai·</strong></span> 
     </span>
     <span class='ocr_line' id='line_1_23' title="bbox 107 2167 1232 2243; baseline 0.002 -16"><span class='ocrx_word' id='word_1_272' title='bbox 107 2169 280 2242; x_wconf 87' lang='lat' dir='ltr'><strong>cumulum,</strong></span> <span class='ocrx_word' id='word_1_273' title='bbox 295 2169 348 2243; x_wconf 87' lang='lat' dir='ltr'><strong>qui</strong></span> <span class='ocrx_word' id='word_1_274' title='bbox 360 2173 465 2227; x_wconf 75' lang='lat' dir='ltr'><strong>conus</strong></span> <span class='ocrx_word' id='word_1_275' title='bbox 478 2173 504 2226; x_wconf 92' lang='lat' dir='ltr'><strong>te</strong></span> <span class='ocrx_word' id='word_1_276' title='bbox 517 2168 683 2243; x_wconf 90' lang='lat' dir='ltr'><strong>loquuntur</strong></span> <span class='ocrx_word' id='word_1_277' title='bbox 692 2169 895 2227; x_wconf 88' lang='lat' dir='ltr'><strong>mendacium.</strong></span> <span class='ocrx_word' id='word_1_278' title='bbox 906 2180 938 2242; x_wconf 70' lang='lat' dir='ltr'><strong>rt.</strong></span> <span class='ocrx_word' id='word_1_279' title='bbox 993 2167 1133 2228; x_wconf 89' lang='lat' dir='ltr'><strong>flictionis</strong></span> <span class='ocrx_word' id='word_1_280' title='bbox 1146 2186 1232 2229; x_wconf 78' lang='lat' dir='ltr'><strong>mem.</strong></span> 
     </span>
     <span class='ocr_line' id='line_1_24' title="bbox 109 2256 1819 2335; baseline 0.004 -21"><span class='ocrx_word' id='word_1_281' title='bbox 109 2260 223 2314; x_wconf 83' lang='lat' dir='ltr'><strong>Amen.</strong></span> <span class='ocrx_word' id='word_1_282' title='bbox 1029 2256 1426 2334; x_wconf 77' lang='lat' dir='ltr'><strong>confundanturcmncsqui</strong></span> <span class='ocrx_word' id='word_1_283' title='bbox 1434 2265 1819 2335; x_wconf 87' lang='lat' dir='ltr'><strong>mepersequuntur,etnon</strong></span> 
     </span>
     <span class='ocr_line' id='line_1_25' title="bbox 144 2344 1818 2422; baseline 0.004 -20"><span class='ocrx_word' id='word_1_284' title='bbox 144 2346 212 2402; x_wconf 90' lang='lat' dir='ltr'><strong>Per.</strong></span> <span class='ocrx_word' id='word_1_285' title='bbox 993 2344 1160 2403; x_wconf 77' lang='lat' dir='ltr'><strong>confundar</strong></span> <span class='ocrx_word' id='word_1_286' title='bbox 1170 2350 1414 2420; x_wconf 82' lang='lat' dir='ltr'><strong>sgos&#39;paveant</strong></span> <span class='ocrx_word' id='word_1_287' title='bbox 1425 2347 1478 2414; x_wconf 93' lang='lat' dir='ltr'><strong>illi,</strong></span> <span class='ocrx_word' id='word_1_288' title='bbox 1495 2352 1523 2405; x_wconf 90' lang='lat' dir='ltr'><strong>et</strong></span> <span class='ocrx_word' id='word_1_289' title='bbox 1534 2364 1596 2407; x_wconf 89' lang='lat' dir='ltr'><strong>non</strong></span> <span class='ocrx_word' id='word_1_290' title='bbox 1610 2363 1738 2422; x_wconf 89' lang='lat' dir='ltr'><strong>paveam</strong></span> <span class='ocrx_word' id='word_1_291' title='bbox 1751 2365 1818 2422; x_wconf 86' lang='lat' dir='ltr'><strong>ego.</strong></span> 
     </span>
     <span class='ocr_line' id='line_1_26' title="bbox 142 2432 1820 2509; baseline 0.004 -20"><span class='ocrx_word' id='word_1_292' title='bbox 142 2433 321 2503; x_wconf 73' lang='lat' dir='ltr'><strong>Amipbcna</strong></span> <span class='ocrx_word' id='word_1_293' title='bbox 332 2437 359 2490; x_wconf 84' lang='lat'><strong>3.</strong></span> <span class='ocrx_word' id='word_1_294' title='bbox 371 2434 447 2500; x_wconf 82' lang='lat' dir='ltr'><strong>eria</strong></span> <span class='ocrx_word' id='word_1_295' title='bbox 456 2447 518 2490; x_wconf 91' lang='lat' dir='ltr'><strong>non</strong></span> <span class='ocrx_word' id='word_1_296' title='bbox 528 2436 572 2490; x_wconf 91' lang='lat' dir='ltr'><strong>est</strong></span> <span class='ocrx_word' id='word_1_297' title='bbox 580 2433 612 2489; x_wconf 91' lang='lat' dir='ltr'><strong>in</strong></span> <span class='ocrx_word' id='word_1_298' title='bbox 623 2447 675 2489; x_wconf 92' lang='lat' dir='ltr'><strong>ore</strong></span> <span class='ocrx_word' id='word_1_299' title='bbox 686 2432 877 2491; x_wconf 88' lang='lat' dir='ltr'><strong>inimicorum</strong></span> <span class='ocrx_word' id='word_1_300' title='bbox 889 2447 940 2491; x_wconf 93' lang='lat' dir='ltr'><strong>ve·</strong></span> <span class='ocrx_word' id='word_1_301' title='bbox 1030 2433 1217 2508; x_wconf 89' lang='lat' dir='ltr'><strong>tnducsuper</strong></span> <span class='ocrx_word' id='word_1_302' title='bbox 1232 2452 1283 2494; x_wconf 90' lang='lat' dir='ltr'><strong>eos</strong></span> <span class='ocrx_word' id='word_1_303' title='bbox 1293 2436 1577 2503; x_wconf 86' lang='lat' dir='ltr'><strong>diemaltlictionts,&#39;</strong></span> <span class='ocrx_word' id='word_1_304' title='bbox 1587 2441 1616 2495; x_wconf 92' lang='lat' dir='ltr'><strong>et</strong></span> <span class='ocrx_word' id='word_1_305' title='bbox 1629 2437 1744 2509; x_wconf 89' lang='lat' dir='ltr'><strong>duplici</strong></span> <span class='ocrx_word' id='word_1_306' title='bbox 1751 2454 1820 2496; x_wconf 91' lang='lat' dir='ltr'><strong>con-</strong></span> 
     </span>
     <span class='ocr_line' id='line_1_27' title="bbox 104 2519 1319 2593; baseline 0.002 -16"><span class='ocrx_word' id='word_1_307' title='bbox 104 2521 181 2578; x_wconf 86' lang='lat' dir='ltr'><strong>ritas</strong></span> <span class='ocrx_word' id='word_1_308' title='bbox 190 2536 257 2578; x_wconf 92' lang='lat' dir='ltr'><strong>:cor</strong></span> <span class='ocrx_word' id='word_1_309' title='bbox 267 2536 370 2578; x_wconf 91' lang='lat' dir='ltr'><strong>eorum</strong></span> <span class='ocrx_word' id='word_1_310' title='bbox 380 2536 493 2579; x_wconf 84' lang='lat' dir='ltr'><strong>vanum</strong></span> <span class='ocrx_word' id='word_1_311' title='bbox 505 2525 560 2577; x_wconf 90' lang='lat' dir='ltr'><strong>est.</strong></span> <span class='ocrx_word' id='word_1_312' title='bbox 570 2519 767 2593; x_wconf 85' lang='lat' dir='ltr'><strong>Sepulchrum</strong></span> <span class='ocrx_word' id='word_1_313' title='bbox 778 2527 886 2593; x_wconf 87' lang='lat' dir='ltr'><strong>patens</strong></span> <span class='ocrx_word' id='word_1_314' title='bbox 895 2525 941 2577; x_wconf 89' lang='lat' dir='ltr'><strong>est</strong></span> <span class='ocrx_word' id='word_1_315' title='bbox 992 2520 1110 2577; x_wconf 91' lang='lat' dir='ltr'><strong>tritione</strong></span> <span class='ocrx_word' id='word_1_316' title='bbox 1124 2527 1242 2580; x_wconf 91' lang='lat' dir='ltr'><strong>contere</strong></span> <span class='ocrx_word' id='word_1_317' title='bbox 1256 2539 1319 2580; x_wconf 89' lang='lat' dir='ltr'><strong>eos.</strong></span> 
     </span>
     <span class='ocr_line' id='line_1_28' title="bbox 107 2607 1822 2686; baseline 0.003 -20"><span class='ocrx_word' id='word_1_318' title='bbox 107 2614 214 2682; x_wconf 87' lang='lat' dir='ltr'><strong>guttur</strong></span> <span class='ocrx_word' id='word_1_319' title='bbox 226 2623 344 2673; x_wconf 88' lang='lat' dir='ltr'><strong>eorum,</strong></span> <span class='ocrx_word' id='word_1_320' title='bbox 362 2609 394 2663; x_wconf 93' lang='lat' dir='ltr'><strong>P.</strong></span> <span class='ocrx_word' id='word_1_321' title='bbox 410 2609 530 2680; x_wconf 82' lang='lat' dir='ltr'><strong>Linguis</strong></span> <span class='ocrx_word' id='word_1_322' title='bbox 546 2610 609 2665; x_wconf 88' lang='lat' dir='ltr'><strong>suis</strong></span> <span class='ocrx_word' id='word_1_323' title='bbox 622 2607 877 2679; x_wconf 82' lang='lat' dir='ltr'><strong>doloseagebant,</strong></span> <span class='ocrx_word' id='word_1_324' title='bbox 890 2608 938 2679; x_wconf 84' lang='lat' dir='ltr'><strong>ju·</strong></span> <span class='ocrx_word' id='word_1_325' title='bbox 1029 2608 1140 2665; x_wconf 86' lang='lat' dir='ltr'><strong>Oratio.</strong></span> <span class='ocrx_word' id='word_1_326' title='bbox 1159 2610 1385 2668; x_wconf 80' lang='lat' dir='ltr'><strong>contundantur</strong></span> <span class='ocrx_word' id='word_1_327' title='bbox 1401 2626 1506 2669; x_wconf 90' lang='lat' dir='ltr'><strong>omnes</strong></span> <span class='ocrx_word' id='word_1_328' title='bbox 1527 2612 1663 2677; x_wconf 90' lang='lat' dir='ltr'><strong>Domine,</strong></span> <span class='ocrx_word' id='word_1_329' title='bbox 1690 2613 1743 2686; x_wconf 88' lang='lat' dir='ltr'><strong>qui</strong></span> <span class='ocrx_word' id='word_1_330' title='bbox 1755 2629 1822 2686; x_wconf 91' lang='lat' dir='ltr'><strong>per·</strong></span> 
     </span>
     <span class='ocr_line' id='line_1_29' title="bbox 108 2696 1820 2769; baseline 0.001 -14"><span class='ocrx_word' id='word_1_331' title='bbox 108 2698 180 2755; x_wconf 88' lang='lat' dir='ltr'><strong>dica</strong></span> <span class='ocrx_word' id='word_1_332' title='bbox 191 2697 260 2755; x_wconf 89' lang='lat' dir='ltr'><strong>illos</strong></span> <span class='ocrx_word' id='word_1_333' title='bbox 272 2700 359 2754; x_wconf 79' lang='lat' dir='ltr'><strong>lleus.</strong></span> <span class='ocrx_word' id='word_1_334' title='bbox 382 2696 414 2759; x_wconf 72' lang='lat' dir='ltr'><strong>P.</strong></span> <span class='ocrx_word' id='word_1_335' title='bbox 431 2698 575 2764; x_wconf 83' lang='lat' dir='ltr'><strong>Quoniam</strong></span> <span class='ocrx_word' id='word_1_336' title='bbox 587 2704 621 2755; x_wconf 92' lang='lat' dir='ltr'><strong>tu</strong></span> <span class='ocrx_word' id='word_1_337' title='bbox 648 2698 820 2769; x_wconf 80' lang='lat' dir='ltr'><strong>percussisti</strong></span> <span class='ocrx_word' id='word_1_338' title='bbox 833 2711 939 2754; x_wconf 91' lang='lat' dir='ltr'><strong>omnes</strong></span> <span class='ocrx_word' id='word_1_339' title='bbox 993 2700 1161 2769; x_wconf 89' lang='lat' dir='ltr'><strong>sequuntur</strong></span> <span class='ocrx_word' id='word_1_340' title='bbox 1174 2696 1206 2753; x_wconf 93' lang='lat' dir='ltr'><strong>in</strong></span> <span class='ocrx_word' id='word_1_341' title='bbox 1221 2712 1278 2755; x_wconf 91' lang='lat' dir='ltr'><strong>nos</strong></span> <span class='ocrx_word' id='word_1_342' title='bbox 1291 2702 1429 2755; x_wconf 90' lang='lat' dir='ltr'><strong>sanctum</strong></span> <span class='ocrx_word' id='word_1_343' title='bbox 1461 2712 1574 2755; x_wconf 90' lang='lat' dir='ltr'><strong>nomen</strong></span> <span class='ocrx_word' id='word_1_344' title='bbox 1596 2703 1691 2765; x_wconf 89' lang='lat' dir='ltr'><strong>tuum,</strong></span> <span class='ocrx_word' id='word_1_345' title='bbox 1719 2703 1820 2757; x_wconf 89' lang='lat' dir='ltr'><strong>etnon</strong></span> 
     </span>
     <span class='ocr_line' id='line_1_30' title="bbox 108 2783 1822 2859; baseline 0 -16"><span class='ocrx_word' id='word_1_346' title='bbox 108 2787 306 2843; x_wconf 78' lang='lat' dir='ltr'><strong>adversantes</strong></span> <span class='ocrx_word' id='word_1_347' title='bbox 320 2785 394 2842; x_wconf 89' lang='lat' dir='ltr'><strong>mihi</strong></span> <span class='ocrx_word' id='word_1_348' title='bbox 413 2787 477 2843; x_wconf 89' lang='lat' dir='ltr'><strong>sine</strong></span> <span class='ocrx_word' id='word_1_349' title='bbox 491 2801 609 2844; x_wconf 89' lang='lat' dir='ltr'><strong>causa:</strong></span> <span class='ocrx_word' id='word_1_350' title='bbox 628 2786 732 2843; x_wconf 89' lang='lat' dir='ltr'><strong>dentes</strong></span> <span class='ocrx_word' id='word_1_351' title='bbox 746 2791 939 2858; x_wconf 87' lang='lat' dir='ltr'><strong>peccatorum</strong></span> <span class='ocrx_word' id='word_1_352' title='bbox 993 2783 1216 2842; x_wconf 82' lang='lat' dir='ltr'><strong>confundamur</strong></span> <span class='ocrx_word' id='word_1_353' title='bbox 1233 2800 1300 2855; x_wconf 89' lang='lat' dir='ltr'><strong>nos,</strong></span> <span class='ocrx_word' id='word_1_354' title='bbox 1317 2784 1369 2859; x_wconf 87' lang='lat' dir='ltr'><strong>qui</strong></span> <span class='ocrx_word' id='word_1_355' title='bbox 1381 2800 1559 2844; x_wconf 87' lang='lat' dir='ltr'><strong>veneramur</strong></span> <span class='ocrx_word' id='word_1_356' title='bbox 1577 2787 1606 2841; x_wconf 92' lang='lat' dir='ltr'><strong>et</strong></span> <span class='ocrx_word' id='word_1_357' title='bbox 1617 2784 1775 2853; x_wconf 86' lang='lat' dir='ltr'><strong>credimus,</strong></span> <span class='ocrx_word' id='word_1_358' title='bbox 1792 2790 1822 2843; x_wconf 89' lang='lat' dir='ltr'><strong>et</strong></span> 
     </span>
     <span class='ocr_line' id='line_1_31' title="bbox 109 2870 1821 2945; baseline 0.001 -15"><span class='ocrx_word' id='word_1_359' title='bbox 109 2873 286 2931; x_wconf 82' lang='lat' dir='ltr'><strong>contrivisti.</strong></span> <span class='ocrx_word' id='word_1_360' title='bbox 992 2871 1142 2944; x_wconf 87' lang='lat' dir='ltr'><strong>passionis</strong></span> <span class='ocrx_word' id='word_1_361' title='bbox 1155 2876 1213 2929; x_wconf 82' lang='lat' dir='ltr'><strong>tua</strong></span> <span class='ocrx_word' id='word_1_362' title='bbox 1226 2872 1378 2945; x_wconf 83' lang='lat' dir='ltr'><strong>injuriam,</strong></span> <span class='ocrx_word' id='word_1_363' title='bbox 1403 2878 1432 2931; x_wconf 93' lang='lat' dir='ltr'><strong>et</strong></span> <span class='ocrx_word' id='word_1_364' title='bbox 1456 2870 1679 2931; x_wconf 89' lang='lat' dir='ltr'><strong>resurrectionis</strong></span> <span class='ocrx_word' id='word_1_365' title='bbox 1698 2877 1756 2930; x_wconf 77' lang='lat' dir='ltr'><strong>tum</strong></span> <span class='ocrx_word' id='word_1_366' title='bbox 1769 2888 1821 2945; x_wconf 89' lang='lat' dir='ltr'><strong>po-</strong></span> 
     </span>
     <span class='ocr_line' id='line_1_32' title="bbox 146 2959 1821 3057; baseline 0.001 -40"><span class='ocrx_word' id='word_1_367' title='bbox 146 2962 259 3019; x_wconf 81' lang='lat' dir='ltr'><strong>Orotie.</strong></span> <span class='ocrx_word' id='word_1_368' title='bbox 276 2963 312 3020; x_wconf 93' lang='lat' dir='ltr'><strong>ln</strong></span> <span class='ocrx_word' id='word_1_369' title='bbox 324 2976 376 3018; x_wconf 91' lang='lat' dir='ltr'><strong>ore</strong></span> <span class='ocrx_word' id='word_1_370' title='bbox 386 2960 578 3019; x_wconf 88' lang='lat' dir='ltr'><strong>inimicorum</strong></span> <span class='ocrx_word' id='word_1_371' title='bbox 592 2967 723 3020; x_wconf 88' lang='lat' dir='ltr'><strong>tuorum.</strong></span> <span class='ocrx_word' id='word_1_372' title='bbox 739 2961 873 3029; x_wconf 83' lang='lat' dir='ltr'><strong>Domine,</strong></span> <span class='ocrx_word' id='word_1_373' title='bbox 888 2976 939 3018; x_wconf 88' lang='lat' dir='ltr'><strong>ve-</strong></span> <span class='ocrx_word' id='word_1_374' title='bbox 958 2997 980 3057; x_wconf 66' lang='lat' dir='ltr'>C</span> <span class='ocrx_word' id='word_1_375' title='bbox 994 2959 1117 3017; x_wconf 89' lang='lat' dir='ltr'><strong>tentiam</strong></span> <span class='ocrx_word' id='word_1_376' title='bbox 1135 2975 1141 3018; x_wconf 94' lang='lat'><strong>:</strong></span> <span class='ocrx_word' id='word_1_377' title='bbox 1156 2962 1317 3033; x_wconf 75' lang='lat' dir='ltr'><strong>praevaleat</strong></span> <span class='ocrx_word' id='word_1_378' title='bbox 1329 2976 1402 3034; x_wconf 86' lang='lat' dir='ltr'><strong>ergo</strong></span> <span class='ocrx_word' id='word_1_379' title='bbox 1414 2962 1508 3019; x_wconf 90' lang='lat' dir='ltr'><strong>virtus</strong></span> <span class='ocrx_word' id='word_1_380' title='bbox 1519 2960 1620 3035; x_wconf 77' lang='lat' dir='ltr'><strong>gloria</strong></span> <span class='ocrx_word' id='word_1_381' title='bbox 1634 2965 1702 3033; x_wconf 75' lang='lat' dir='ltr'><strong>tuas,</strong></span> <span class='ocrx_word' id='word_1_382' title='bbox 1712 2975 1779 3034; x_wconf 76' lang='lat' dir='ltr'><strong>qnae</strong></span> <span class='ocrx_word' id='word_1_383' title='bbox 1791 2966 1821 3019; x_wconf 92' lang='lat' dir='ltr'><strong>et</strong></span> 
     </span>
     <span class='ocr_line' id='line_1_33' title="bbox 110 3048 1821 3124; baseline 0 -16"><span class='ocrx_word' id='word_1_384' title='bbox 110 3050 256 3108; x_wconf 84' lang='lat' dir='ltr'><strong>ritasncn</strong></span> <span class='ocrx_word' id='word_1_385' title='bbox 266 3054 313 3108; x_wconf 89' lang='lat' dir='ltr'><strong>est</strong></span> <span class='ocrx_word' id='word_1_386' title='bbox 327 3049 418 3123; x_wconf 87' lang='lat' dir='ltr'><strong>:quia</strong></span> <span class='ocrx_word' id='word_1_387' title='bbox 429 3051 502 3107; x_wconf 91' lang='lat' dir='ltr'><strong>dnm</strong></span> <span class='ocrx_word' id='word_1_388' title='bbox 517 3053 576 3107; x_wconf 83' lang='lat' dir='ltr'><strong>ate</strong></span> <span class='ocrx_word' id='word_1_389' title='bbox 587 3051 620 3107; x_wconf 91' lang='lat' dir='ltr'><strong>in</strong></span> <span class='ocrx_word' id='word_1_390' title='bbox 633 3048 743 3107; x_wconf 90' lang='lat' dir='ltr'><strong>intimis</strong></span> <span class='ocrx_word' id='word_1_391' title='bbox 756 3052 938 3115; x_wconf 89' lang='lat' dir='ltr'><strong>avertuntur,</strong></span> <span class='ocrx_word' id='word_1_392' title='bbox 992 3053 1207 3122; x_wconf 85' lang='lat' dir='ltr'><strong>persequentes</strong></span> <span class='ocrx_word' id='word_1_393' title='bbox 1216 3052 1271 3109; x_wconf 89' lang='lat' dir='ltr'><strong>tea</strong></span> <span class='ocrx_word' id='word_1_394' title='bbox 1284 3050 1428 3123; x_wconf 87' lang='lat' dir='ltr'><strong>pravitate</strong></span> <span class='ocrx_word' id='word_1_395' title='bbox 1450 3050 1604 3124; x_wconf 85' lang='lat' dir='ltr'><strong>deterreat,</strong></span> <span class='ocrx_word' id='word_1_396' title='bbox 1625 3054 1654 3110; x_wconf 89' lang='lat' dir='ltr'><strong>et</strong></span> <span class='ocrx_word' id='word_1_397' title='bbox 1668 3049 1821 3109; x_wconf 89' lang='lat' dir='ltr'><strong>credentes</strong></span> 
     </span>
     <span class='ocr_line' id='line_1_34' title="bbox 110 3137 1820 3213; baseline 0.001 -17"><span class='ocrx_word' id='word_1_398' title='bbox 110 3155 166 3196; x_wconf 86' lang='lat' dir='ltr'><strong>cor</strong></span> <span class='ocrx_word' id='word_1_399' title='bbox 179 3154 282 3195; x_wconf 88' lang='lat' dir='ltr'><strong>eornm</strong></span> <span class='ocrx_word' id='word_1_400' title='bbox 291 3138 424 3196; x_wconf 88' lang='lat' dir='ltr'><strong>vanitate</strong></span> <span class='ocrx_word' id='word_1_401' title='bbox 432 3139 606 3196; x_wconf 86' lang='lat' dir='ltr'><strong>destruitur.</strong></span> <span class='ocrx_word' id='word_1_402' title='bbox 619 3139 663 3195; x_wconf 88' lang='lat' dir='ltr'><strong>Da</strong></span> <span class='ocrx_word' id='word_1_403' title='bbox 675 3153 747 3209; x_wconf 91' lang='lat' dir='ltr'><strong>ergo</strong></span> <span class='ocrx_word' id='word_1_404' title='bbox 760 3138 940 3204; x_wconf 91' lang='lat' dir='ltr'><strong>nobis,utsic</strong></span> <span class='ocrx_word' id='word_1_405' title='bbox 992 3139 1025 3195; x_wconf 91' lang='lat' dir='ltr'><strong>in</strong></span> <span class='ocrx_word' id='word_1_406' title='bbox 1038 3142 1183 3195; x_wconf 76' lang='lat' dir='ltr'><strong>aeternnm</strong></span> <span class='ocrx_word' id='word_1_407' title='bbox 1196 3137 1249 3196; x_wconf 86' lang='lat' dir='ltr'><strong>tibi</strong></span> <span class='ocrx_word' id='word_1_408' title='bbox 1262 3137 1453 3198; x_wconf 75' lang='lat' dir='ltr'><strong>letabundus</strong></span> <span class='ocrx_word' id='word_1_409' title='bbox 1468 3137 1640 3213; x_wconf 75' lang='lat' dir='ltr'><strong>coniungat.</strong></span> <span class='ocrx_word' id='word_1_410' title='bbox 1656 3151 1689 3212; x_wconf 77' lang='lat' dir='ltr'><strong>ip·</strong></span> <span class='ocrx_word' id='word_1_411' title='bbox 1713 3143 1820 3202; x_wconf 78' lang='lat' dir='ltr'><strong>Amen.</strong></span> 
     </span>
     <span class='ocr_line' id='line_1_35' title="bbox 107 3224 1159 3298; baseline 0 -16"><span class='ocrx_word' id='word_1_412' title='bbox 107 3226 216 3297; x_wconf 86' lang='lat' dir='ltr'><strong>lingna</strong></span> <span class='ocrx_word' id='word_1_413' title='bbox 229 3231 333 3282; x_wconf 90' lang='lat' dir='ltr'><strong>nostra</strong></span> <span class='ocrx_word' id='word_1_414' title='bbox 347 3241 417 3281; x_wconf 89' lang='lat' dir='ltr'><strong>cnm</strong></span> <span class='ocrx_word' id='word_1_415' title='bbox 432 3226 560 3298; x_wconf 85' lang='lat' dir='ltr'><strong>puritate</strong></span> <span class='ocrx_word' id='word_1_416' title='bbox 579 3224 768 3282; x_wconf 83' lang='lat' dir='ltr'><strong>conscientia</strong></span> <span class='ocrx_word' id='word_1_417' title='bbox 782 3228 939 3297; x_wconf 89' lang='lat' dir='ltr'><strong>acceptum</strong></span> <span class='ocrx_word' id='word_1_418' title='bbox 1028 3228 1093 3294; x_wconf 90' lang='lat' dir='ltr'><strong>Per,</strong></span> <span class='ocrx_word' id='word_1_419' title='bbox 1104 3231 1159 3284; x_wconf 92' lang='lat' dir='ltr'><strong>etc.</strong></span> 
     </span>
     <span class='ocr_line' id='line_1_36' title="bbox 108 3311 1821 3387; baseline 0 -17"><span class='ocrx_word' id='word_1_420' title='bbox 108 3314 163 3370; x_wconf 89' lang='lat' dir='ltr'><strong>tibi</strong></span> <span class='ocrx_word' id='word_1_421' title='bbox 175 3313 499 3386; x_wconf 82' lang='lat' dir='ltr'><strong>deteratbymnum,ut</strong></span> <span class='ocrx_word' id='word_1_422' title='bbox 512 3319 617 3386; x_wconf 90' lang='lat' dir='ltr'><strong>patens</strong></span> <span class='ocrx_word' id='word_1_423' title='bbox 626 3312 818 3384; x_wconf 79' lang='lat' dir='ltr'><strong>malignitatis</strong></span> <span class='ocrx_word' id='word_1_424' title='bbox 829 3327 892 3371; x_wconf 91' lang='lat' dir='ltr'><strong>non</strong></span> <span class='ocrx_word' id='word_1_425' title='bbox 899 3311 940 3370; x_wconf 83' lang='lat' dir='ltr'><strong>el-</strong></span> <span class='ocrx_word' id='word_1_426' title='bbox 1030 3315 1120 3387; x_wconf 71' lang='lat'><strong>260</strong></span> <span class='ocrx_word' id='word_1_427' title='bbox 1133 3315 1183 3372; x_wconf 79' lang='lat' dir='ltr'><strong>Ad</strong></span> <span class='ocrx_word' id='word_1_428' title='bbox 1196 3315 1382 3373; x_wconf 79' lang='lat' dir='ltr'><strong>Benedictus.</strong></span> <span class='ocrx_word' id='word_1_429' title='bbox 1391 3315 1575 3386; x_wconf 74' lang='lat' dir='ltr'><strong>Antiphone.</strong></span> <span class='ocrx_word' id='word_1_430' title='bbox 1590 3317 1651 3384; x_wconf 84' lang='lat' dir='ltr'><strong>ligo</strong></span> <span class='ocrx_word' id='word_1_431' title='bbox 1661 3313 1701 3370; x_wconf 89' lang='lat' dir='ltr'><strong>ad</strong></span> <span class='ocrx_word' id='word_1_432' title='bbox 1714 3317 1752 3381; x_wconf 90' lang='lat' dir='ltr'><strong>te,</strong></span> <span class='ocrx_word' id='word_1_433' title='bbox 1766 3316 1821 3371; x_wconf 85' lang='lat' dir='ltr'><strong>Do·</strong></span> 
     </span>
     <span class='ocr_line' id='line_1_37' title="bbox 107 3400 1820 3474; baseline -0.001 -16"><span class='ocrx_word' id='word_1_434' title='bbox 107 3402 252 3460; x_wconf 88' lang='lat' dir='ltr'><strong>ticiantur</strong></span> <span class='ocrx_word' id='word_1_435' title='bbox 265 3401 470 3474; x_wconf 87' lang='lat' dir='ltr'><strong>sepulchrum.</strong></span> <span class='ocrx_word' id='word_1_436' title='bbox 485 3413 517 3473; x_wconf 70' lang='lat' dir='ltr'><strong>re.</strong></span> <span class='ocrx_word' id='word_1_437' title='bbox 532 3403 637 3458; x_wconf 78' lang='lat' dir='ltr'><strong>Amen.</strong></span> <span class='ocrx_word' id='word_1_438' title='bbox 994 3402 1216 3468; x_wconf 89' lang='lat' dir='ltr'><strong>mine,clamavi</strong></span> <span class='ocrx_word' id='word_1_439' title='bbox 1234 3407 1264 3460; x_wconf 89' lang='lat' dir='ltr'><strong>et</strong></span> <span class='ocrx_word' id='word_1_440' title='bbox 1273 3415 1363 3460; x_wconf 91' lang='lat' dir='ltr'><strong>mane</strong></span> <span class='ocrx_word' id='word_1_441' title='bbox 1377 3401 1473 3459; x_wconf 87' lang='lat' dir='ltr'><strong>oratio</strong></span> <span class='ocrx_word' id='word_1_442' title='bbox 1483 3416 1547 3458; x_wconf 90' lang='lat' dir='ltr'><strong>mea</strong></span> <span class='ocrx_word' id='word_1_443' title='bbox 1561 3400 1723 3473; x_wconf 78' lang='lat' dir='ltr'><strong>praeveniet</strong></span> <span class='ocrx_word' id='word_1_444' title='bbox 1734 3404 1773 3458; x_wconf 92' lang='lat' dir='ltr'><strong>te.</strong></span> <span class='ocrx_word' id='word_1_445' title='bbox 1788 3400 1820 3463; x_wconf 74' lang='lat' dir='ltr'><strong>tt.</strong></span> 
     </span>
     <span class='ocr_line' id='line_1_38' title="bbox 143 3481 1821 3562; baseline 0.001 -17"><span class='ocrx_word' id='word_1_446' title='bbox 143 3492 212 3548; x_wconf 90' lang='lat' dir='ltr'><strong>Per.</strong></span> <span class='ocrx_word' id='word_1_447' title='bbox 994 3490 1120 3549; x_wconf 91' lang='lat' dir='ltr'><strong>Domine</strong></span> <span class='ocrx_word' id='word_1_448' title='bbox 1144 3481 1226 3548; x_wconf 80' lang='lat' dir='ltr'><strong>Deus</strong></span> <span class='ocrx_word' id='word_1_449' title='bbox 1240 3491 1343 3548; x_wconf 79' lang='lat' dir='ltr'><strong>sunus</strong></span> <span class='ocrx_word' id='word_1_450' title='bbox 1371 3505 1455 3557; x_wconf 79' lang='lat' dir='ltr'><strong>meae,</strong></span> <span class='ocrx_word' id='word_1_451' title='bbox 1476 3489 1522 3547; x_wconf 90' lang='lat' dir='ltr'><strong>die</strong></span> <span class='ocrx_word' id='word_1_452' title='bbox 1536 3487 1674 3562; x_wconf 86' lang='lat' dir='ltr'><strong>clamavi,</strong></span> <span class='ocrx_word' id='word_1_453' title='bbox 1691 3491 1720 3546; x_wconf 90' lang='lat' dir='ltr'><strong>et</strong></span> <span class='ocrx_word' id='word_1_454' title='bbox 1737 3493 1821 3546; x_wconf 91' lang='lat' dir='ltr'><strong>nocte</strong></span> 
     </span>
     <span class='ocr_line' id='line_1_39' title="bbox 144 3578 1150 3650; baseline -0.002 -12"><span class='ocrx_word' id='word_1_455' title='bbox 144 3591 181 3650; x_wconf 70' lang='lat' dir='ltr'><strong>tp.</strong></span> <span class='ocrx_word' id='word_1_456' title='bbox 201 3578 324 3638; x_wconf 71' lang='lat' dir='ltr'><strong>uiseriis</strong></span> <span class='ocrx_word' id='word_1_457' title='bbox 350 3578 479 3637; x_wconf 85' lang='lat' dir='ltr'><strong>alilictus</strong></span> <span class='ocrx_word' id='word_1_458' title='bbox 490 3594 568 3644; x_wconf 90' lang='lat' dir='ltr'><strong>sum,</strong></span> <span class='ocrx_word' id='word_1_459' title='bbox 580 3581 610 3635; x_wconf 89' lang='lat' dir='ltr'><strong>et</strong></span> <span class='ocrx_word' id='word_1_460' title='bbox 622 3578 758 3636; x_wconf 89' lang='lat' dir='ltr'><strong>turbatus</strong></span> <span class='ocrx_word' id='word_1_461' title='bbox 769 3593 858 3636; x_wconf 90' lang='lat' dir='ltr'><strong>sam:</strong></span> <span class='ocrx_word' id='word_1_462' title='bbox 878 3580 941 3636; x_wconf 91' lang='lat' dir='ltr'><strong>tota</strong></span> <span class='ocrx_word' id='word_1_463' title='bbox 995 3594 1099 3636; x_wconf 91' lang='lat' dir='ltr'><strong>coram</strong></span> <span class='ocrx_word' id='word_1_464' title='bbox 1112 3583 1150 3636; x_wconf 90' lang='lat' dir='ltr'><strong>te.</strong></span> 
     </span>
     <span class='ocr_line' id='line_1_40' title="bbox 109 3664 1822 3741; baseline 0 -17"><span class='ocrx_word' id='word_1_465' title='bbox 109 3667 159 3724; x_wconf 91' lang='lat' dir='ltr'><strong>die</strong></span> <span class='ocrx_word' id='word_1_466' title='bbox 177 3668 370 3725; x_wconf 88' lang='lat' dir='ltr'><strong>contristatas</strong></span> <span class='ocrx_word' id='word_1_467' title='bbox 380 3666 588 3739; x_wconf 84' lang='lat' dir='ltr'><strong>ingrediebar:</strong></span> <span class='ocrx_word' id='word_1_468' title='bbox 604 3669 750 3741; x_wconf 86' lang='lat' dir='ltr'><strong>qnoniam</strong></span> <span class='ocrx_word' id='word_1_469' title='bbox 759 3667 861 3724; x_wconf 86' lang='lat' dir='ltr'><strong>anima</strong></span> <span class='ocrx_word' id='word_1_470' title='bbox 871 3681 940 3724; x_wconf 90' lang='lat' dir='ltr'><strong>mea</strong></span> <span class='ocrx_word' id='word_1_471' title='bbox 1028 3667 1146 3725; x_wconf 78' lang='lat' dir='ltr'><strong>Laudo.</strong></span> <span class='ocrx_word' id='word_1_472' title='bbox 1158 3667 1306 3726; x_wconf 86' lang='lat' dir='ltr'><strong>insanotis</strong></span> <span class='ocrx_word' id='word_1_473' title='bbox 1317 3664 1822 3740; x_wconf 67' lang='lat' dir='ltr'><strong>einslaudatetlominumdnpsal·</strong></span> 
     </span>
     <span class='ocr_line' id='line_1_41' title="bbox 109 3754 1692 3830; baseline -0.001 -16"><span class='ocrx_word' id='word_1_474' title='bbox 109 3757 263 3830; x_wconf 88' lang='lat' dir='ltr'><strong>completa</strong></span> <span class='ocrx_word' id='word_1_475' title='bbox 277 3762 322 3813; x_wconf 87' lang='lat' dir='ltr'><strong>est</strong></span> <span class='ocrx_word' id='word_1_476' title='bbox 349 3756 641 3816; x_wconf 76' lang='lat' dir='ltr'><strong>inlusionibus.l².tlt</strong></span> <span class='ocrx_word' id='word_1_477' title='bbox 653 3771 715 3812; x_wconf 90' lang='lat' dir='ltr'><strong>non</strong></span> <span class='ocrx_word' id='word_1_478' title='bbox 730 3761 775 3812; x_wconf 93' lang='lat' dir='ltr'><strong>est</strong></span> <span class='ocrx_word' id='word_1_479' title='bbox 785 3756 898 3812; x_wconf 88' lang='lat' dir='ltr'><strong>sanitas</strong></span> <span class='ocrx_word' id='word_1_480' title='bbox 908 3754 941 3812; x_wconf 89' lang='lat' dir='ltr'><strong>in</strong></span> <span class='ocrx_word' id='word_1_481' title='bbox 993 3755 1078 3822; x_wconf 85' lang='lat' dir='ltr'><strong>taric,</strong></span> <span class='ocrx_word' id='word_1_482' title='bbox 1092 3760 1121 3814; x_wconf 91' lang='lat' dir='ltr'><strong>et</strong></span> <span class='ocrx_word' id='word_1_483' title='bbox 1133 3755 1246 3813; x_wconf 87' lang='lat' dir='ltr'><strong>cithara</strong></span> <span class='ocrx_word' id='word_1_484' title='bbox 1256 3755 1378 3813; x_wconf 90' lang='lat' dir='ltr'><strong>landate</strong></span> <span class='ocrx_word' id='word_1_485' title='bbox 1397 3770 1477 3813; x_wconf 89' lang='lat' dir='ltr'><strong>eum.</strong></span> <span class='ocrx_word' id='word_1_486' title='bbox 1491 3756 1635 3814; x_wconf 80' lang='lat' dir='ltr'><strong>Psalmcs</strong></span> <span class='ocrx_word' id='word_1_487' title='bbox 1649 3770 1692 3812; x_wconf 80' lang='lat' dir='ltr'><strong>cn.</strong></span> 
     </span>
     <span class='ocr_line' id='line_1_42' title="bbox 109 3842 1762 3916; baseline -0.002 -12"><span class='ocrx_word' id='word_1_488' title='bbox 109 3842 339 3906; x_wconf 72' lang='lat' dir='ltr'><strong>carnencas.</strong></span> <span class='ocrx_word' id='word_1_489' title='bbox 360 3845 509 3911; x_wconf 82' lang='lat' dir='ltr'><strong>Quoniam</strong></span> <span class='ocrx_word' id='word_1_490' title='bbox 525 3843 642 3915; x_wconf 83' lang='lat' dir='ltr'><strong>sagitta</strong></span> <span class='ocrx_word' id='word_1_491' title='bbox 657 3848 718 3901; x_wconf 84' lang='lat' dir='ltr'><strong>tum</strong></span> <span class='ocrx_word' id='word_1_492' title='bbox 745 3843 845 3900; x_wconf 80' lang='lat' dir='ltr'><strong>infirm</strong></span> <span class='ocrx_word' id='word_1_493' title='bbox 871 3849 941 3902; x_wconf 90' lang='lat' dir='ltr'><strong>sunt</strong></span> <span class='ocrx_word' id='word_1_494' title='bbox 1056 3845 1155 3902; x_wconf 85' lang='lat' dir='ltr'><strong>Lectio</strong></span> <span class='ocrx_word' id='word_1_495' title='bbox 1167 3844 1239 3901; x_wconf 81' lang='lat' dir='ltr'><strong>libri</strong></span> <span class='ocrx_word' id='word_1_496' title='bbox 1251 3844 1396 3902; x_wconf 78' lang='lat' dir='ltr'><strong>Samuelis</strong></span> <span class='ocrx_word' id='word_1_497' title='bbox 1411 3843 1519 3916; x_wconf 83' lang='lat' dir='ltr'><strong>(Primi</strong></span> <span class='ocrx_word' id='word_1_498' title='bbox 1532 3845 1641 3916; x_wconf 69' lang='lat' dir='ltr'><strong>liceum</strong></span> <span class='ocrx_word' id='word_1_499' title='bbox 1652 3857 1718 3914; x_wconf 85' lang='lat' dir='ltr'><strong>cap.</strong></span> <span class='ocrx_word' id='word_1_500' title='bbox 1728 3843 1762 3916; x_wconf 88' lang='grc' dir='ltr'><strong>ι).</strong></span> 
     </span>
     <span class='ocr_line' id='line_1_43' title="bbox 107 3931 1282 4006; baseline 0 -16"><span class='ocrx_word' id='word_1_501' title='bbox 107 3933 187 3990; x_wconf 91' lang='lat' dir='ltr'><strong>mibi</strong></span> <span class='ocrx_word' id='word_1_502' title='bbox 197 3952 204 3986; x_wconf 89' lang='lat'>:</span> <span class='ocrx_word' id='word_1_503' title='bbox 216 3938 245 3990; x_wconf 91' lang='lat' dir='ltr'><strong>at</strong></span> <span class='ocrx_word' id='word_1_504' title='bbox 258 3931 443 3990; x_wconf 88' lang='lat' dir='ltr'><strong>confirmasti</strong></span> <span class='ocrx_word' id='word_1_505' title='bbox 455 3947 603 4004; x_wconf 89' lang='lat' dir='ltr'><strong>superma</strong></span> <span class='ocrx_word' id='word_1_506' title='bbox 612 3945 738 3989; x_wconf 87' lang='lat' dir='ltr'><strong>manum</strong></span> <span class='ocrx_word' id='word_1_507' title='bbox 748 3936 843 3989; x_wconf 89' lang='lat' dir='ltr'><strong>tuam.</strong></span> <span class='ocrx_word' id='word_1_508' title='bbox 859 3932 891 3989; x_wconf 87' lang='lat' dir='ltr'><strong>P.</strong></span> <span class='ocrx_word' id='word_1_509' title='bbox 907 3934 942 3990; x_wconf 81' lang='lat' dir='ltr'><strong>lit</strong></span> <span class='ocrx_word' id='word_1_510' title='bbox 1030 3945 1064 4006; x_wconf 72' lang='lat' dir='ltr'><strong>rt.</strong></span> <span class='ocrx_word' id='word_1_511' title='bbox 1080 3935 1141 3990; x_wconf 84' lang='lat' dir='ltr'><strong>Deo</strong></span> <span class='ocrx_word' id='word_1_512' title='bbox 1159 3933 1282 4004; x_wconf 66' lang='lat' dir='ltr'><strong>malias.</strong></span> 
     </span>
     <span class='ocr_line' id='line_1_44' title="bbox 110 4017 1822 4094; baseline 0.001 -18"><span class='ocrx_word' id='word_1_513' title='bbox 110 4025 243 4079; x_wconf 74' lang='lat' dir='ltr'><strong>nonmt.</strong></span> <span class='ocrx_word' id='word_1_514' title='bbox 1029 4021 1133 4080; x_wconf 86' lang='lat' dir='ltr'><strong>inillis</strong></span> <span class='ocrx_word' id='word_1_515' title='bbox 1146 4020 1426 4094; x_wconf 80' lang='lat' dir='ltr'><strong>diebus:ilcncspit</strong></span> <span class='ocrx_word' id='word_1_516' title='bbox 1439 4025 1536 4090; x_wconf 74' lang='lat' dir='ltr'><strong>Anna,</strong></span> <span class='ocrx_word' id='word_1_517' title='bbox 1557 4025 1586 4078; x_wconf 91' lang='lat' dir='ltr'><strong>et</strong></span> <span class='ocrx_word' id='word_1_518' title='bbox 1601 4019 1714 4094; x_wconf 89' lang='lat' dir='ltr'><strong>peperit</strong></span> <span class='ocrx_word' id='word_1_519' title='bbox 1727 4017 1822 4078; x_wconf 88' lang='lat' dir='ltr'><strong>tilium</strong></span> 
     </span>
     <span class='ocr_line' id='line_1_45' title="bbox 152 4107 1824 4183; baseline 0.002 -21"><span class='ocrx_word' id='word_1_520' title='bbox 152 4107 397 4167; x_wconf 83' lang='lat' dir='ltr'><strong>Oratio.llomine</strong></span> <span class='ocrx_word' id='word_1_521' title='bbox 410 4112 481 4167; x_wconf 88' lang='lat' dir='ltr'><strong>iesu</strong></span> <span class='ocrx_word' id='word_1_522' title='bbox 505 4107 628 4175; x_wconf 85' lang='lat' dir='ltr'><strong>Christe,</strong></span> <span class='ocrx_word' id='word_1_523' title='bbox 642 4108 694 4180; x_wconf 90' lang='lat' dir='ltr'><strong>qui</strong></span> <span class='ocrx_word' id='word_1_524' title='bbox 718 4108 896 4166; x_wconf 90' lang='lat' dir='ltr'><strong>traditurum</strong></span> <span class='ocrx_word' id='word_1_525' title='bbox 912 4113 940 4165; x_wconf 89' lang='lat' dir='ltr'><strong>te</strong></span> <span class='ocrx_word' id='word_1_526' title='bbox 992 4112 1170 4183; x_wconf 84' lang='lat' dir='ltr'><strong>vocavitque</strong></span> <span class='ocrx_word' id='word_1_527' title='bbox 1180 4124 1290 4167; x_wconf 89' lang='lat' dir='ltr'><strong>nomen</strong></span> <span class='ocrx_word' id='word_1_528' title='bbox 1305 4110 1370 4182; x_wconf 86' lang='lat' dir='ltr'><strong>ejus</strong></span> <span class='ocrx_word' id='word_1_529' title='bbox 1381 4109 1682 4181; x_wconf 76' lang='lat' dir='ltr'><strong>Samuelteoquoda</strong></span> <span class='ocrx_word' id='word_1_530' title='bbox 1696 4107 1824 4167; x_wconf 86' lang='lat' dir='ltr'><strong>Domino</strong></span> 
     </span>
     <span class='ocr_line' id='line_1_46' title="bbox 110 4195 1825 4274; baseline -0.002 -20"><span class='ocrx_word' id='word_1_531' title='bbox 110 4195 285 4266; x_wconf 89' lang='lat' dir='ltr'><strong>morti,ante</strong></span> <span class='ocrx_word' id='word_1_532' title='bbox 295 4205 420 4262; x_wconf 87' lang='lat' dir='ltr'><strong>mortem</strong></span> <span class='ocrx_word' id='word_1_533' title='bbox 432 4199 576 4273; x_wconf 75' lang='lat' dir='ltr'><strong>prescius</strong></span> <span class='ocrx_word' id='word_1_534' title='bbox 587 4196 747 4272; x_wconf 77' lang='lat' dir='ltr'><strong>predixisti</strong></span> <span class='ocrx_word' id='word_1_535' title='bbox 761 4201 808 4266; x_wconf 90' lang='lat' dir='ltr'><strong>;et</strong></span> <span class='ocrx_word' id='word_1_536' title='bbox 817 4197 876 4256; x_wconf 90' lang='lat' dir='ltr'><strong>illic</strong></span> <span class='ocrx_word' id='word_1_537' title='bbox 887 4199 938 4255; x_wconf 93' lang='lat' dir='ltr'><strong>ubi</strong></span> <span class='ocrx_word' id='word_1_538' title='bbox 994 4198 1179 4274; x_wconf 87' lang='lat' dir='ltr'><strong>postulasset</strong></span> <span class='ocrx_word' id='word_1_539' title='bbox 1193 4197 1526 4256; x_wconf 76' lang='lat' dir='ltr'><strong>enm.ascenditautem</strong></span> <span class='ocrx_word' id='word_1_540' title='bbox 1545 4197 1592 4253; x_wconf 90' lang='lat' dir='ltr'><strong>vir</strong></span> <span class='ocrx_word' id='word_1_541' title='bbox 1603 4197 1752 4269; x_wconf 75' lang='lat' dir='ltr'><strong>Elcanaet</strong></span> <span class='ocrx_word' id='word_1_542' title='bbox 1765 4212 1825 4256; x_wconf 87' lang='lat' dir='ltr'><strong>om-</strong></span> 
     </span>
     <span class='ocr_line' id='line_1_47' title="bbox 109 4285 1825 4359; baseline 0.001 -17"><span class='ocrx_word' id='word_1_543' title='bbox 109 4287 272 4344; x_wconf 82' lang='lat' dir='ltr'><strong>constitnta</strong></span> <span class='ocrx_word' id='word_1_544' title='bbox 285 4295 329 4344; x_wconf 87' lang='lat' dir='ltr'><strong>est</strong></span> <span class='ocrx_word' id='word_1_545' title='bbox 338 4288 447 4345; x_wconf 90' lang='lat' dir='ltr'><strong>domus</strong></span> <span class='ocrx_word' id='word_1_546' title='bbox 454 4287 554 4344; x_wconf 90' lang='lat' dir='ltr'><strong>omnis</strong></span> <span class='ocrx_word' id='word_1_547' title='bbox 562 4287 700 4352; x_wconf 90' lang='lat' dir='ltr'><strong>viventis,</strong></span> <span class='ocrx_word' id='word_1_548' title='bbox 712 4286 752 4343; x_wconf 94' lang='lat' dir='ltr'><strong>ad</strong></span> <span class='ocrx_word' id='word_1_549' title='bbox 760 4286 877 4348; x_wconf 86' lang='lat' dir='ltr'><strong>interna</strong></span> <span class='ocrx_word' id='word_1_550' title='bbox 885 4288 939 4345; x_wconf 88' lang='lat' dir='ltr'><strong>uti·</strong></span> <span class='ocrx_word' id='word_1_551' title='bbox 994 4289 1042 4345; x_wconf 87' lang='lat' dir='ltr'><strong>nis</strong></span> <span class='ocrx_word' id='word_1_552' title='bbox 1057 4288 1167 4345; x_wconf 90' lang='lat' dir='ltr'><strong>domus</strong></span> <span class='ocrx_word' id='word_1_553' title='bbox 1186 4287 1211 4359; x_wconf 85' lang='lat' dir='ltr'><strong>ej</strong></span> <span class='ocrx_word' id='word_1_554' title='bbox 1217 4303 1261 4354; x_wconf 89' lang='lat' dir='ltr'><strong>us,</strong></span> <span class='ocrx_word' id='word_1_555' title='bbox 1271 4292 1304 4344; x_wconf 95' lang='lat' dir='ltr'><strong>nt</strong></span> <span class='ocrx_word' id='word_1_556' title='bbox 1312 4286 1617 4344; x_wconf 85' lang='lat' dir='ltr'><strong>immolaretllomino</strong></span> <span class='ocrx_word' id='word_1_557' title='bbox 1636 4285 1764 4342; x_wconf 89' lang='lat' dir='ltr'><strong>hostiam</strong></span> <span class='ocrx_word' id='word_1_558' title='bbox 1778 4301 1825 4343; x_wconf 91' lang='lat' dir='ltr'><strong>sc·</strong></span> 
     </span>
     <span class='ocr_line' id='line_1_48' title="bbox 108 4345 1822 4449; baseline 0.001 -19"><span class='ocrx_word' id='word_1_559' title='bbox 108 4391 179 4448; x_wconf 89' lang='lat' dir='ltr'><strong>que,</strong></span> <span class='ocrx_word' id='word_1_560' title='bbox 194 4376 327 4434; x_wconf 89' lang='lat' dir='ltr'><strong>moriens</strong></span> <span class='ocrx_word' id='word_1_561' title='bbox 334 4376 528 4434; x_wconf 87' lang='lat' dir='ltr'><strong>descendisti:</strong></span> <span class='ocrx_word' id='word_1_562' title='bbox 545 4377 586 4435; x_wconf 92' lang='lat' dir='ltr'><strong>da</strong></span> <span class='ocrx_word' id='word_1_563' title='bbox 596 4376 810 4443; x_wconf 88' lang='lat' dir='ltr'><strong>nobis,utcum</strong></span> <span class='ocrx_word' id='word_1_564' title='bbox 823 4380 940 4449; x_wconf 89' lang='lat' dir='ltr'><strong>tempus</strong></span> <span class='ocrx_word' id='word_1_565' title='bbox 954 4345 978 4401; x_wconf 75' lang='lat' dir='ltr'>D</span> <span class='ocrx_word' id='word_1_566' title='bbox 994 4377 1136 4442; x_wconf 84' lang='lat' dir='ltr'><strong>lemnam,</strong></span> <span class='ocrx_word' id='word_1_567' title='bbox 1152 4380 1293 4433; x_wconf 89' lang='lat' dir='ltr'><strong>etvotum</strong></span> <span class='ocrx_word' id='word_1_568' title='bbox 1311 4390 1411 4441; x_wconf 91' lang='lat' dir='ltr'><strong>suum,</strong></span> <span class='ocrx_word' id='word_1_569' title='bbox 1438 4379 1466 4431; x_wconf 91' lang='lat' dir='ltr'><strong>et</strong></span> <span class='ocrx_word' id='word_1_570' title='bbox 1484 4375 1570 4431; x_wconf 88' lang='lat' dir='ltr'><strong>Anna</strong></span> <span class='ocrx_word' id='word_1_571' title='bbox 1586 4389 1649 4431; x_wconf 93' lang='lat' dir='ltr'><strong>non</strong></span> <span class='ocrx_word' id='word_1_572' title='bbox 1663 4374 1822 4432; x_wconf 80' lang='lat' dir='ltr'><strong>ascendit:</strong></span> 
     </span>
     <span class='ocr_line' id='line_1_49' title="bbox 106 4461 1825 4535; baseline -0.001 -15"><span class='ocrx_word' id='word_1_573' title='bbox 106 4465 276 4522; x_wconf 90' lang='lat' dir='ltr'><strong>vocationis</strong></span> <span class='ocrx_word' id='word_1_574' title='bbox 289 4472 399 4522; x_wconf 79' lang='lat' dir='ltr'><strong>nosue</strong></span> <span class='ocrx_word' id='word_1_575' title='bbox 415 4465 579 4535; x_wconf 87' lang='lat' dir='ltr'><strong>advenerit,</strong></span> <span class='ocrx_word' id='word_1_576' title='bbox 594 4464 653 4521; x_wconf 92' lang='lat' dir='ltr'><strong>illic</strong></span> <span class='ocrx_word' id='word_1_577' title='bbox 666 4480 729 4522; x_wconf 94' lang='lat' dir='ltr'><strong>non</strong></span> <span class='ocrx_word' id='word_1_578' title='bbox 741 4464 939 4522; x_wconf 88' lang='lat' dir='ltr'><strong>deveniamus</strong></span> <span class='ocrx_word' id='word_1_579' title='bbox 994 4465 1069 4524; x_wconf 83' lang='lat' dir='ltr'><strong>dixit</strong></span> <span class='ocrx_word' id='word_1_580' title='bbox 1082 4465 1161 4523; x_wconf 86' lang='lat' dir='ltr'><strong>enirn</strong></span> <span class='ocrx_word' id='word_1_581' title='bbox 1174 4465 1239 4522; x_wconf 88' lang='lat' dir='ltr'><strong>viro</strong></span> <span class='ocrx_word' id='word_1_582' title='bbox 1254 4481 1306 4522; x_wconf 91' lang='lat' dir='ltr'><strong>sue</strong></span> <span class='ocrx_word' id='word_1_583' title='bbox 1323 4483 1330 4524; x_wconf 90' lang='lat'><strong>:</strong></span> <span class='ocrx_word' id='word_1_584' title='bbox 1348 4466 1412 4522; x_wconf 88' lang='lat' dir='ltr'><strong>Non</strong></span> <span class='ocrx_word' id='word_1_585' title='bbox 1442 4463 1617 4534; x_wconf 87' lang='lat' dir='ltr'><strong>ascendam,</strong></span> <span class='ocrx_word' id='word_1_586' title='bbox 1634 4462 1729 4521; x_wconf 91' lang='lat' dir='ltr'><strong>donec</strong></span> <span class='ocrx_word' id='word_1_587' title='bbox 1742 4461 1825 4520; x_wconf 88' lang='lat' dir='ltr'><strong>abla-</strong></span> 
     </span>
     <span class='ocr_line' id='line_1_50' title="bbox 104 4550 1823 4628; baseline -0.002 -19"><span class='ocrx_word' id='word_1_588' title='bbox 104 4553 250 4610; x_wconf 89' lang='lat' dir='ltr'><strong>retenturi</strong></span> <span class='ocrx_word' id='word_1_589' title='bbox 259 4555 291 4610; x_wconf 93' lang='lat' dir='ltr'><strong>in</strong></span> <span class='ocrx_word' id='word_1_590' title='bbox 297 4570 421 4628; x_wconf 86' lang='lat' dir='ltr'><strong>poenem</strong></span> <span class='ocrx_word' id='word_1_591' title='bbox 435 4571 442 4610; x_wconf 76' lang='grc' dir='ltr'><strong><em>ε</em></strong></span> <span class='ocrx_word' id='word_1_592' title='bbox 455 4569 518 4626; x_wconf 87' lang='lat' dir='ltr'><strong>quo</strong></span> <span class='ocrx_word' id='word_1_593' title='bbox 528 4557 560 4610; x_wconf 92' lang='lat' dir='ltr'><strong>tu</strong></span> <span class='ocrx_word' id='word_1_594' title='bbox 568 4554 698 4610; x_wconf 90' lang='lat' dir='ltr'><strong>moriens</strong></span> <span class='ocrx_word' id='word_1_595' title='bbox 706 4553 847 4610; x_wconf 89' lang='lat' dir='ltr'><strong>liberator</strong></span> <span class='ocrx_word' id='word_1_596' title='bbox 857 4569 940 4612; x_wconf 91' lang='lat' dir='ltr'><strong>acee-</strong></span> <span class='ocrx_word' id='word_1_597' title='bbox 994 4560 1089 4613; x_wconf 87' lang='lat' dir='ltr'><strong>ctetur</strong></span> <span class='ocrx_word' id='word_1_598' title='bbox 1102 4554 1213 4626; x_wconf 87' lang='lat' dir='ltr'><strong>inians,</strong></span> <span class='ocrx_word' id='word_1_599' title='bbox 1239 4558 1269 4610; x_wconf 90' lang='lat' dir='ltr'><strong>et</strong></span> <span class='ocrx_word' id='word_1_600' title='bbox 1282 4554 1393 4610; x_wconf 91' lang='lat' dir='ltr'><strong>ducam</strong></span> <span class='ocrx_word' id='word_1_601' title='bbox 1408 4567 1489 4620; x_wconf 90' lang='lat' dir='ltr'><strong>eum,</strong></span> <span class='ocrx_word' id='word_1_602' title='bbox 1505 4555 1534 4608; x_wconf 90' lang='lat' dir='ltr'><strong>et</strong></span> <span class='ocrx_word' id='word_1_603' title='bbox 1552 4556 1697 4624; x_wconf 89' lang='lat' dir='ltr'><strong>appareat</strong></span> <span class='ocrx_word' id='word_1_604' title='bbox 1707 4550 1739 4607; x_wconf 93' lang='lat' dir='ltr'><strong>in</strong></span> <span class='ocrx_word' id='word_1_605' title='bbox 1753 4565 1823 4607; x_wconf 91' lang='lat' dir='ltr'><strong>con-</strong></span> 
     </span>
     <span class='ocr_line' id='line_1_51' title="bbox 106 4637 1822 4718; baseline -0.003 -20"><span class='ocrx_word' id='word_1_606' title='bbox 106 4641 232 4715; x_wconf 88' lang='lat' dir='ltr'><strong>sistiper</strong></span> <span class='ocrx_word' id='word_1_607' title='bbox 241 4644 374 4702; x_wconf 89' lang='lat' dir='ltr'><strong>veniam:</strong></span> <span class='ocrx_word' id='word_1_608' title='bbox 388 4644 442 4700; x_wconf 90' lang='lat' dir='ltr'><strong>sed</strong></span> <span class='ocrx_word' id='word_1_609' title='bbox 450 4644 720 4700; x_wconf 87' lang='lat' dir='ltr'><strong>emittensmanum</strong></span> <span class='ocrx_word' id='word_1_610' title='bbox 728 4647 813 4699; x_wconf 90' lang='lat' dir='ltr'><strong>tuam</strong></span> <span class='ocrx_word' id='word_1_611' title='bbox 821 4642 859 4699; x_wconf 91' lang='lat' dir='ltr'><strong>de</strong></span> <span class='ocrx_word' id='word_1_612' title='bbox 871 4658 940 4716; x_wconf 90' lang='lat' dir='ltr'><strong>pro·</strong></span> <span class='ocrx_word' id='word_1_613' title='bbox 994 4650 1099 4718; x_wconf 91' lang='lat' dir='ltr'><strong>spectu</strong></span> <span class='ocrx_word' id='word_1_614' title='bbox 1113 4644 1173 4711; x_wconf 86' lang='lat' dir='ltr'><strong>Dei,</strong></span> <span class='ocrx_word' id='word_1_615' title='bbox 1191 4649 1219 4700; x_wconf 91' lang='lat' dir='ltr'><strong>et</strong></span> <span class='ocrx_word' id='word_1_616' title='bbox 1234 4645 1355 4700; x_wconf 91' lang='lat' dir='ltr'><strong>maneat</strong></span> <span class='ocrx_word' id='word_1_617' title='bbox 1367 4641 1410 4698; x_wconf 89' lang='lat' dir='ltr'><strong>ibi</strong></span> <span class='ocrx_word' id='word_1_618' title='bbox 1425 4640 1543 4712; x_wconf 82' lang='lat' dir='ltr'><strong>jugiter.</strong></span> <span class='ocrx_word' id='word_1_619' title='bbox 1559 4643 1593 4696; x_wconf 83' lang='lat' dir='ltr'><strong>at</strong></span> <span class='ocrx_word' id='word_1_620' title='bbox 1603 4639 1762 4696; x_wconf 84' lang='lat' dir='ltr'><strong>aitElcana</strong></span> <span class='ocrx_word' id='word_1_621' title='bbox 1777 4637 1822 4693; x_wconf 91' lang='lat' dir='ltr'><strong>vir</strong></span> 
     </span>
     <span class='ocr_line' id='line_1_52' title="bbox 106 4723 1824 4804; baseline -0.002 -19"><span class='ocrx_word' id='word_1_622' title='bbox 106 4729 201 4786; x_wconf 84' lang='lat' dir='ltr'><strong>tundo</strong></span> <span class='ocrx_word' id='word_1_623' title='bbox 214 4730 325 4788; x_wconf 81' lang='lat' dir='ltr'><strong>inferni</strong></span> <span class='ocrx_word' id='word_1_624' title='bbox 338 4731 499 4789; x_wconf 82' lang='lat' dir='ltr'><strong>manifesta</strong></span> <span class='ocrx_word' id='word_1_625' title='bbox 512 4730 645 4804; x_wconf 89' lang='lat' dir='ltr'><strong>potentia</strong></span> <span class='ocrx_word' id='word_1_626' title='bbox 658 4730 771 4799; x_wconf 90' lang='lat' dir='ltr'><strong>libera;</strong></span> <span class='ocrx_word' id='word_1_627' title='bbox 787 4732 840 4804; x_wconf 88' lang='lat' dir='ltr'><strong>qui</strong></span> <span class='ocrx_word' id='word_1_628' title='bbox 857 4730 939 4787; x_wconf 89' lang='lat' dir='ltr'><strong>solos</strong></span> <span class='ocrx_word' id='word_1_629' title='bbox 994 4747 1081 4790; x_wconf 90' lang='lat' dir='ltr'><strong>suus:</strong></span> <span class='ocrx_word' id='word_1_630' title='bbox 1094 4733 1152 4788; x_wconf 82' lang='lat' dir='ltr'><strong>Pac</strong></span> <span class='ocrx_word' id='word_1_631' title='bbox 1164 4731 1248 4804; x_wconf 87' lang='lat' dir='ltr'><strong>qnod</strong></span> <span class='ocrx_word' id='word_1_632' title='bbox 1260 4730 1313 4786; x_wconf 90' lang='lat' dir='ltr'><strong>tibi</strong></span> <span class='ocrx_word' id='word_1_633' title='bbox 1326 4729 1442 4787; x_wconf 91' lang='lat' dir='ltr'><strong>bonum</strong></span> <span class='ocrx_word' id='word_1_634' title='bbox 1450 4728 1578 4796; x_wconf 77' lang='lat' dir='ltr'><strong>vidmur,</strong></span> <span class='ocrx_word' id='word_1_635' title='bbox 1592 4731 1621 4784; x_wconf 90' lang='lat' dir='ltr'><strong>et</strong></span> <span class='ocrx_word' id='word_1_636' title='bbox 1629 4723 1824 4783; x_wconf 90' lang='lat' dir='ltr'><strong>manedonec</strong></span> 
     </span>
     <span class='ocr_line' id='line_1_53' title="bbox 107 4811 1825 4893; baseline -0.002 -18"><span class='ocrx_word' id='word_1_637' title='bbox 107 4833 161 4891; x_wconf 89' lang='lat' dir='ltr'><strong>pro</strong></span> <span class='ocrx_word' id='word_1_638' title='bbox 172 4818 277 4892; x_wconf 86' lang='lat' dir='ltr'><strong>impiis</strong></span> <span class='ocrx_word' id='word_1_639' title='bbox 297 4825 383 4879; x_wconf 88' lang='lat' dir='ltr'><strong>tuam</strong></span> <span class='ocrx_word' id='word_1_640' title='bbox 397 4833 510 4893; x_wconf 93' lang='lat' dir='ltr'><strong>ponere</strong></span> <span class='ocrx_word' id='word_1_641' title='bbox 535 4818 676 4891; x_wconf 87' lang='lat' dir='ltr'><strong>dignatus</strong></span> <span class='ocrx_word' id='word_1_642' title='bbox 697 4833 730 4876; x_wconf 93' lang='lat' dir='ltr'><strong>es</strong></span> <span class='ocrx_word' id='word_1_643' title='bbox 744 4819 889 4877; x_wconf 89' lang='lat' dir='ltr'><strong>animam.</strong></span> <span class='ocrx_word' id='word_1_644' title='bbox 905 4829 937 4889; x_wconf 74' lang='lat' dir='ltr'><strong>tp.</strong></span> <span class='ocrx_word' id='word_1_645' title='bbox 994 4819 1127 4878; x_wconf 89' lang='lat' dir='ltr'><strong>ablactes</strong></span> <span class='ocrx_word' id='word_1_646' title='bbox 1141 4835 1219 4876; x_wconf 90' lang='lat' dir='ltr'><strong>enm.</strong></span> <span class='ocrx_word' id='word_1_647' title='bbox 1234 4817 1339 4877; x_wconf 88' lang='lat' dir='ltr'><strong>ltansit</strong></span> <span class='ocrx_word' id='word_1_648' title='bbox 1348 4832 1419 4889; x_wconf 90' lang='lat' dir='ltr'><strong>ergo</strong></span> <span class='ocrx_word' id='word_1_649' title='bbox 1427 4816 1576 4881; x_wconf 90' lang='lat' dir='ltr'><strong>mulier,et</strong></span> <span class='ocrx_word' id='word_1_650' title='bbox 1588 4813 1721 4871; x_wconf 88' lang='lat' dir='ltr'><strong>lactabat</strong></span> <span class='ocrx_word' id='word_1_651' title='bbox 1728 4811 1825 4872; x_wconf 90' lang='lat' dir='ltr'><strong>filium</strong></span> 
     </span>
     <span class='ocr_line' id='line_1_54' title="bbox 106 4902 1825 4975; baseline -0.002 -12"><span class='ocrx_word' id='word_1_652' title='bbox 106 4910 212 4964; x_wconf 79' lang='lat' dir='ltr'><strong>Amen.</strong></span> <span class='ocrx_word' id='word_1_653' title='bbox 994 4909 1434 4975; x_wconf 88' lang='lat' dir='ltr'><strong>suum,dcnecamovereteum</strong></span> <span class='ocrx_word' id='word_1_654' title='bbox 1452 4921 1471 4962; x_wconf 92' lang='lat' dir='ltr'><strong>a</strong></span> <span class='ocrx_word' id='word_1_655' title='bbox 1485 4905 1608 4962; x_wconf 79' lang='lat' dir='ltr'><strong>lactatii</strong></span> <span class='ocrx_word' id='word_1_656' title='bbox 1619 4902 1746 4962; x_wconf 85' lang='lat' dir='ltr'><strong>adduxit</strong></span> <span class='ocrx_word' id='word_1_657' title='bbox 1754 4919 1825 4962; x_wconf 91' lang='lat' dir='ltr'><strong>eum</strong></span> 
     </span>
     <span class='ocr_line' id='line_1_55' title="bbox 141 4991 1828 5070; baseline -0.001 -18"><span class='ocrx_word' id='word_1_658' title='bbox 141 4996 208 5053; x_wconf 85' lang='lat' dir='ltr'><strong>Per.</strong></span> <span class='ocrx_word' id='word_1_659' title='bbox 993 5013 1106 5064; x_wconf 87' lang='lat' dir='ltr'><strong>secum,</strong></span> <span class='ocrx_word' id='word_1_660' title='bbox 1118 5001 1278 5070; x_wconf 87' lang='lat' dir='ltr'><strong>postquam</strong></span> <span class='ocrx_word' id='word_1_661' title='bbox 1293 4993 1505 5058; x_wconf 84' lang='lat' dir='ltr'><strong>ablactaverat,</strong></span> <span class='ocrx_word' id='word_1_662' title='bbox 1519 4992 1550 5050; x_wconf 90' lang='lat' dir='ltr'><strong>in</strong></span> <span class='ocrx_word' id='word_1_663' title='bbox 1560 4991 1660 5049; x_wconf 90' lang='lat' dir='ltr'><strong>vitulis</strong></span> <span class='ocrx_word' id='word_1_664' title='bbox 1675 4991 1782 5061; x_wconf 84' lang='lat' dir='ltr'><strong>tribus,</strong></span> <span class='ocrx_word' id='word_1_665' title='bbox 1799 4996 1828 5050; x_wconf 93' lang='lat' dir='ltr'><strong>et</strong></span> 
     </span>
     <span class='ocr_line' id='line_1_56' title="bbox 422 5079 1825 5154; baseline -0.005 -12"><span class='ocrx_word' id='word_1_666' title='bbox 422 5087 460 5143; x_wconf 82' lang='lat' dir='ltr'><strong>In</strong></span> <span class='ocrx_word' id='word_1_667' title='bbox 476 5086 626 5144; x_wconf 81' lang='lat' dir='ltr'><strong>tsedibus.</strong></span> <span class='ocrx_word' id='word_1_668' title='bbox 992 5085 1087 5143; x_wconf 87' lang='lat' dir='ltr'><strong>tribus</strong></span> <span class='ocrx_word' id='word_1_669' title='bbox 1100 5085 1211 5144; x_wconf 90' lang='lat' dir='ltr'><strong>modiis</strong></span> <span class='ocrx_word' id='word_1_670' title='bbox 1223 5084 1337 5150; x_wconf 81' lang='lat' dir='ltr'><strong>larisa,</strong></span> <span class='ocrx_word' id='word_1_671' title='bbox 1365 5087 1393 5140; x_wconf 89' lang='lat' dir='ltr'><strong>et</strong></span> <span class='ocrx_word' id='word_1_672' title='bbox 1409 5082 1558 5154; x_wconf 89' lang='lat' dir='ltr'><strong>amphora</strong></span> <span class='ocrx_word' id='word_1_673' title='bbox 1571 5081 1642 5151; x_wconf 88' lang='lat' dir='ltr'><strong>vini,</strong></span> <span class='ocrx_word' id='word_1_674' title='bbox 1657 5087 1685 5141; x_wconf 92' lang='lat' dir='ltr'><strong>et</strong></span> <span class='ocrx_word' id='word_1_675' title='bbox 1700 5079 1825 5140; x_wconf 86' lang='lat' dir='ltr'><strong>adduxit</strong></span> 
     </span>
     <span class='ocr_line' id='line_1_57' title="bbox 138 5167 1822 5247; baseline -0.005 -17"><span class='ocrx_word' id='word_1_676' title='bbox 138 5175 323 5246; x_wconf 73' lang='lat' dir='ltr'><strong>Antiphone.</strong></span> <span class='ocrx_word' id='word_1_677' title='bbox 342 5175 492 5241; x_wconf 81' lang='lat' dir='ltr'><strong>Quoniam</strong></span> <span class='ocrx_word' id='word_1_678' title='bbox 505 5173 692 5247; x_wconf 90' lang='lat' dir='ltr'><strong>iniquitatem</strong></span> <span class='ocrx_word' id='word_1_679' title='bbox 708 5185 874 5242; x_wconf 81' lang='lat' dir='ltr'><strong>meamego</strong></span> <span class='ocrx_word' id='word_1_680' title='bbox 886 5187 936 5229; x_wconf 90' lang='lat' dir='ltr'><strong>co·</strong></span> <span class='ocrx_word' id='word_1_681' title='bbox 992 5189 1063 5230; x_wconf 89' lang='lat' dir='ltr'><strong>earn</strong></span> <span class='ocrx_word' id='word_1_682' title='bbox 1077 5175 1109 5230; x_wconf 89' lang='lat' dir='ltr'><strong>in</strong></span> <span class='ocrx_word' id='word_1_683' title='bbox 1123 5173 1248 5230; x_wconf 90' lang='lat' dir='ltr'><strong>domum</strong></span> <span class='ocrx_word' id='word_1_684' title='bbox 1260 5171 1416 5228; x_wconf 86' lang='lat' dir='ltr'><strong>Dominiin</strong></span> <span class='ocrx_word' id='word_1_685' title='bbox 1430 5170 1498 5229; x_wconf 90' lang='lat' dir='ltr'><strong>Silo.</strong></span> <span class='ocrx_word' id='word_1_686' title='bbox 1508 5174 1584 5229; x_wconf 86' lang='lat' dir='ltr'><strong>Puer</strong></span> <span class='ocrx_word' id='word_1_687' title='bbox 1593 5174 1694 5229; x_wconf 90' lang='lat' dir='ltr'><strong>autern</strong></span> <span class='ocrx_word' id='word_1_688' title='bbox 1709 5172 1772 5226; x_wconf 93' lang='lat' dir='ltr'><strong>erat</strong></span> <span class='ocrx_word' id='word_1_689' title='bbox 1779 5167 1822 5222; x_wconf 90' lang='lat' dir='ltr'><strong>in·</strong></span> 
     </span>
     <span class='ocr_line' id='line_1_58' title="bbox 104 5255 1823 5336; baseline -0.005 -17"><span class='ocrx_word' id='word_1_690' title='bbox 104 5277 229 5333; x_wconf 84' lang='lat' dir='ltr'><strong>gnosso,</strong></span> <span class='ocrx_word' id='word_1_691' title='bbox 244 5263 371 5322; x_wconf 84' lang='lat' dir='ltr'><strong>Domine</strong></span> <span class='ocrx_word' id='word_1_692' title='bbox 388 5279 395 5320; x_wconf 93' lang='lat'>:</span> <span class='ocrx_word' id='word_1_693' title='bbox 417 5263 457 5320; x_wconf 92' lang='lat' dir='ltr'><strong>ab</strong></span> <span class='ocrx_word' id='word_1_694' title='bbox 474 5263 541 5336; x_wconf 89' lang='lat' dir='ltr'><strong>ipsa</strong></span> <span class='ocrx_word' id='word_1_695' title='bbox 561 5262 677 5319; x_wconf 90' lang='lat' dir='ltr'><strong>munda</strong></span> <span class='ocrx_word' id='word_1_696' title='bbox 689 5277 751 5320; x_wconf 90' lang='lat' dir='ltr'><strong>me.</strong></span> <span class='ocrx_word' id='word_1_697' title='bbox 777 5261 935 5334; x_wconf 86' lang='lat' dir='ltr'><strong>Deprecor,</strong></span> <span class='ocrx_word' id='word_1_698' title='bbox 991 5261 1124 5320; x_wconf 85' lang='lat' dir='ltr'><strong>tantulus</strong></span> <span class='ocrx_word' id='word_1_699' title='bbox 1139 5280 1145 5319; x_wconf 92' lang='lat'>:</span> <span class='ocrx_word' id='word_1_700' title='bbox 1161 5266 1190 5319; x_wconf 92' lang='lat' dir='ltr'><strong>et</strong></span> <span class='ocrx_word' id='word_1_701' title='bbox 1215 5261 1446 5318; x_wconf 87' lang='lat' dir='ltr'><strong>immolaverunt</strong></span> <span class='ocrx_word' id='word_1_702' title='bbox 1458 5261 1596 5324; x_wconf 90' lang='lat' dir='ltr'><strong>vitulum,</strong></span> <span class='ocrx_word' id='word_1_703' title='bbox 1610 5265 1639 5315; x_wconf 92' lang='lat' dir='ltr'><strong>et</strong></span> <span class='ocrx_word' id='word_1_704' title='bbox 1649 5255 1823 5314; x_wconf 89' lang='lat' dir='ltr'><strong>obtulerunt</strong></span> 
     </span>
     <span class='ocr_line' id='line_1_59' title="bbox 102 5342 1824 5426; baseline -0.006 -16"><span class='ocrx_word' id='word_1_705' title='bbox 102 5353 333 5418; x_wconf 88' lang='lat' dir='ltr'><strong>misereremei,</strong></span> <span class='ocrx_word' id='word_1_706' title='bbox 345 5352 494 5410; x_wconf 85' lang='lat' dir='ltr'><strong>miserere.</strong></span> <span class='ocrx_word' id='word_1_707' title='bbox 509 5351 652 5410; x_wconf 81' lang='lat' dir='ltr'><strong>Psctmcs</strong></span> <span class='ocrx_word' id='word_1_708' title='bbox 670 5368 697 5406; x_wconf 83' lang='grc' dir='ltr'><strong>ι.</strong></span> <span class='ocrx_word' id='word_1_709' title='bbox 990 5366 1120 5426; x_wconf 86' lang='lat' dir='ltr'><strong>puerum</strong></span> <span class='ocrx_word' id='word_1_710' title='bbox 1139 5351 1210 5421; x_wconf 83' lang='lat' dir='ltr'><strong>Heli,</strong></span> <span class='ocrx_word' id='word_1_711' title='bbox 1237 5353 1383 5425; x_wconf 77' lang='lat' dir='ltr'><strong>lunaque</strong></span> <span class='ocrx_word' id='word_1_712' title='bbox 1397 5349 1439 5408; x_wconf 89' lang='lat' dir='ltr'><strong>ait</strong></span> <span class='ocrx_word' id='word_1_713' title='bbox 1452 5367 1459 5404; x_wconf 84' lang='grc' dir='ltr'><strong>ι</strong></span> <span class='ocrx_word' id='word_1_714' title='bbox 1476 5348 1604 5405; x_wconf 88' lang='lat' dir='ltr'><strong>Obsecro</strong></span> <span class='ocrx_word' id='word_1_715' title='bbox 1625 5344 1669 5400; x_wconf 91' lang='lat' dir='ltr'><strong>mi</strong></span> <span class='ocrx_word' id='word_1_716' title='bbox 1683 5342 1824 5424; x_wconf 67' lang='lat' dir='ltr'><strong>Domine,</strong></span> 
     </span>
     <span class='ocr_line' id='line_1_60' title="bbox 140 5430 1828 5526; baseline -0.004 -27"><span class='ocrx_word' id='word_1_717' title='bbox 140 5440 257 5502; x_wconf 86' lang='lat' dir='ltr'><strong>Oratio.</strong></span> <span class='ocrx_word' id='word_1_718' title='bbox 271 5439 610 5517; x_wconf 84' lang='lat' dir='ltr'><strong>Agnoscentibuenobis</strong></span> <span class='ocrx_word' id='word_1_719' title='bbox 619 5437 934 5514; x_wconf 81' lang='lat' dir='ltr'><strong>iniqtritatesnostras,</strong></span> <span class='ocrx_word' id='word_1_720' title='bbox 989 5430 1828 5526; x_wconf 73' lang='lat' dir='ltr'><strong>vivatanimatua:egosumillamtdier,qnastetleoram</strong></span> 
     </span>
    </p>
   </div>
   <div class='ocr_carea' id='block_1_3' title="bbox 0 0 2064 6165">
    <p class='ocr_par' dir='ltr' id='par_1_3' title="bbox 0 0 2064 6165">
     <span class='ocr_line' id='line_1_61' title="bbox 0 0 2064 6165; baseline 0 0"><span class='ocrx_word' id='word_1_721' title='bbox 0 0 2064 6165; x_wconf 95' lang='lat' dir='ltr'><strong> </strong></span> 
     </span>
    </p>
   </div>
  </div>
 </body>
</html>
