4117 6175
272 206 325 261 855
907 200 1135 261 attavutllliilt
1155 200 1355 261 Dullllcutl.
1913 210 1961 265 856

308 332 418 389 Omnes
431 330 470 387 de
482 330 584 389 Sabae
601 330 719 387 venient
732 343 839 387 eurum
856 330 885 385 et
896 333 943 383 tus
957 324 1133 383 dolenen-b
1186 328 1246 399 Ego
1277 326 1422 385 Dominus
1443 326 1473 383 in
1501 330 1635 401 tempore
1655 326 1721 385 eius
1741 328 1862 388 :subito
1888 331 1957 391 laria

275 424 316 477 tes
331 436 339 474 ε
356 424 383 475 ct
393 418 514 479 laudem
524 418 652 477 Domino
660 418 882 475 adnuntiantes.
1150 413 1229 473 istut.

310 506 503 580 Omnepecus
516 506 611 565 ceder
622 506 851 579 congregabitur
863 504 1034 561 tibizarietes
1042 507 1095 561 Na·
1514 506 1605 561 lllllll.

274 596 369 654 babot
380 596 591 655 ministrabunt
603 596 666 653 tibi.
1341 608 1475 651 alaricus
1488 610 1618 649 insenius
1633 608 1783 652 raornsre.

178 680 182 685 ’
311 684 476 744 Offerentur
488 700 578 758 super
591 684 733 759 placabili
745 684 832 743 elteri
844 700 913 743 meo
922 703 930 742 :
940 688 968 743 et
986 684 1097 742 domus
1466 682 1605 753 capitulo
1617 684 1662 741 ³1.

276 772 439 830 maiestatis
453 772 705 844 meeglorificabo.
1187 770 1244 826 llec
1255 768 1328 827 dicit
1337 770 1481 827 Dominus
1494 785 1566 827 :vox
1581 769 1613 827 in
1623 770 1739 831 excelso
1750 772 1855 831 audita
1874 779 1918 832 est
1928 775 1962 833 le·

313 860 369 928 Qui
387 864 457 919 suni
469 862 520 919 isti
530 862 584 935 qui
596 867 630 919 ut
642 862 739 920 nubes
765 862 884 921 volant:
897 866 927 921 ct
943 864 1031 937 quasi
1050 876 1097 919 co·
1151 858 1342 916 mentationis
1352 858 1453 916 :lictus
1468 857 1634 917 etululatus
1649 860 1753 919 :llacsl
1763 860 1885 934 plorans
1904 863 1966 921 filios

276 949 379 1008 lumbe
391 950 581 1008 adienestres
591 966 672 1008 sues.
1153 961 1224 1004 suos
1238 949 1267 1003 et
1280 947 1375 1003 noluit
1387 946 1536 1005 consolari
1564 962 1655 1021 super
1669 964 1721 1007 eos
1732 949 1805 1024 quie
1816 965 1878 1009 non
1891 957 1965 1009 suni·

313 1041 355 1097 lle
366 1039 447 1095 enim
460 1036 557 1096 insule
566 1038 783 1112 expectabunt:
799 1043 828 1097 et
847 1039 941 1098 nabes
954 1038 1048 1098 meris
1068 1040 1100 1097 in
1190 1034 1330 1091 liecdicit
1341 1035 1484 1093 Dominus
1495 1053 1504 1092 .·
1515 1036 1650 1109 quiescat
1668 1052 1728 1094 vox
1753 1042 1836 1097 tuae
1864 1038 1964 1112 ploratu

277 1126 437 1201 principio.
1156 1126 1185 1179 et
1195 1122 1274 1180 oculi
1288 1122 1499 1182 tuialacrimis
1512 1141 1519 1181 τ
1533 1125 1659 1197 quiasst
1681 1141 1796 1185 merces
1815 1129 1897 1201 operi
1922 1132 1964 1185 tue

316 1216 351 1273 ut
365 1213 519 1273 adducant
531 1215 610 1273 lilios
625 1220 694 1274 tuos
707 1218 742 1273 de
756 1215 856 1289 longe,
882 1221 1041 1288 argeutum
1056 1232 1104 1275 eo·
1158 1217 1209 1285 ayt
1224 1210 1376 1269 Dominus.

278 1319 347 1363 rum
362 1307 391 1361 et
402 1319 511 1360 aurum
529 1320 635 1361 eorum
651 1320 720 1361 cum
734 1305 777 1361 eis
789 1304 820 1361 in
845 1305 968 1362 nomine
986 1304 1103 1363 Domini
1194 1302 1226 1359 Et
1239 1305 1422 1359 revertentur
1435 1299 1473 1359 de
1486 1307 1565 1360 terra
1576 1302 1688 1361 inimici
1698 1308 1781 1362 otest
1795 1320 1864 1379 spes
1881 1304 1965 1361 noris

280 1391 331 1448 Dei
345 1391 387 1448 tui
400 1395 444 1451 :et
456 1391 550 1449 sancti
565 1391 667 1448 Srabel
680 1392 752 1465 quie
765 1391 942 1463 glorificabit
955 1397 993 1451 te.
1159 1388 1244 1445 simis
1255 1390 1313 1446 tuis
1325 1395 1378 1463 ayt
1392 1390 1551 1449 Dominus:
1563 1394 1592 1449 et
1603 1396 1786 1451 revertentur
1801 1392 1854 1453 lilii
1868 1392 1904 1451 ed
1922 1396 1966 1451 ter·

316 1482 351 1536 at
362 1478 545 1537 edificabunt
558 1480 612 1537 fllli
627 1480 968 1553 peregrinorummuros
978 1485 1064 1539 tuost
1077 1486 1105 1539 et
1158 1477 1257 1535 minos
1272 1492 1354 1535 suos.

280 1582 366 1639 reges
381 1582 485 1625 eorum
505 1567 793 1627 ministrabunttibi.
999 1606 1004 1612 -
1194 1564 1967 1643 AudiensaudibiEireintransmigrantam:castigas

233 1662 239 1679 '
316 1657 349 1715 ln
358 1654 563 1727 indignatione
577 1656 657 1713 enim
671 1672 739 1714 mea
753 1658 886 1731 percussi
901 1662 929 1716 le
941 1679 948 1716 ε
960 1663 989 1716 et
1016 1659 1046 1715 in
1062 1672 1107 1715 ra-
1120 1668 1144 1727 Β
1159 1652 1238 1713 lime
1247 1658 1277 1711 et
1287 1653 1419 1712 cruditus
1432 1673 1499 1713 sum
1510 1658 1597 1731 quesi
1609 1656 1789 1716 iubenculus
1812 1658 1965 1717 indomitus.

281 1742 488 1818 conciliatione
501 1761 571 1803 mee
584 1745 725 1803 misertus
740 1761 809 1803 sum
827 1747 879 1804 tui.
1194 1740 1294 1817 [exau]
1308 1744 1452 1801 Converte
1467 1760 1515 1801 rue
1528 1749 1557 1802 et
1569 1750 1713 1803 revertur:
1722 1745 1797 1820 quie
1807 1750 1841 1805 iu
1859 1762 1890 1804 es
1903 1748 1967 1804 Deus

316 1836 348 1890 at
360 1834 509 1905 aperiatur
529 1838 615 1907 porte
626 1839 675 1893 tue
699 1834 809 1907 iugiter
827 1835 877 1893 die
905 1852 941 1895 ec
955 1841 1042 1895 nocte
1056 1856 1064 1897 :
1078 1841 1107 1894 et
1159 1844 1256 1889 meus.

279 1937 343 1981 uon
354 1920 540 1981 claudentur.
1195 1922 1356 1994 Postquam
1371 1921 1451 1979 enim
1467 1922 1637 1981 convertisti
1651 1924 1752 1995 msagi
1764 1922 1964 1997 penitentiam:

316 2013 352 2069 Ut
365 2010 506 2069 afferatur
519 2011 559 2069 ed
570 2016 598 2069 le
612 2012 753 2071 fortitudo
763 2012 896 2085 gentium
909 2018 1106 2086 :otregeseo-
1160 2010 1189 2065 at
1202 2014 1364 2083 postquem
1374 2010 1529 2067 ostendisti
1536 2010 1607 2067 mici
1618 2011 1753 2085 percussi
1763 2011 1863 2071 femur
1871 2027 1965 2069 meum.

279 2113 348 2155 rum
362 2098 561 2156 adducentur.
1196 2097 1342 2154 Confusus
1357 2114 1426 2155 sum
1440 2103 1468 2155 et
1483 2099 1590 2156 erubui
1602 2117 1608 2157 :
1620 2100 1766 2175 quonism
1792 2102 1913 2161 susinul
1923 2100 1965 2157 cb·

316 2187 481 2244 Gensenim
492 2191 522 2243 ct
534 2202 661 2259 regnum
674 2189 757 2261 quod
771 2204 832 2245 non
847 2189 979 2247 servierit
994 2190 1104 2265 tibipo·
1158 2184 1315 2258 probrium
1330 2186 1532 2245 adulescentie
1547 2203 1624 2246 mea.

280 2272 358 2341 ribit,
389 2278 420 2331 et
432 2278 535 2343 genus
546 2275 577 2332 in
589 2274 750 2333 solitudine
764 2277 977 2335 vastabuntur.
1195 2272 1225 2332 Si
1238 2272 1317 2331 lilius
1329 2274 1516 2333 honorabilis
1526 2276 1595 2334 mici
1603 2276 1702 2335 Eirein
1711 2277 1735 2335 si
1746 2276 1965 2351 puer-delicatus:

317 2358 353 2441 R
370 2361 467 2420 Gloria
480 2362 583 2421 Libani
593 2364 633 2420 ad
642 2368 671 2420 le
682 2364 778 2423 veniet
790 2370 819 2422 et
828 2365 912 2422 abies
926 2366 1061 2423 etbuxus
1076 2358 1105 2426 ei
1157 2361 1229 2435 quie
1246 2376 1283 2419 cx
1297 2378 1358 2437 quo
1370 2364 1487 2421 locutus
1503 2380 1571 2421 sum
1585 2364 1623 2422 de
1637 2381 1674 2423 eo
1686 2365 1786 2423 adhuc
1795 2365 1968 2425 recordabor

281 2450 524 2525 pinuslsimulad
549 2452 721 2511 ornandum
737 2453 839 2511 locum
861 2454 1104 2514 sanctificationis
1158 2450 1234 2509 eius.

281 2554 349 2598 mee
365 2558 372 2594 ε
386 2539 523 2597 stlocum
538 2540 651 2614 pedum
665 2558 802 2602 meorum
814 2542 1000 2613 glorificabo.
1193 2537 1308 2597 idcirco
1317 2540 1496 2599 conturbate
1510 2546 1581 2600 suni
1592 2542 1706 2603 viscera
1716 2558 1885 2619 measupsr
1899 2559 1965 2608 eun,

317 2628 479 2687 sevenisse
489 2628 530 2687 ed
541 2632 569 2686 te
581 2628 666 2689 curbi
677 2630 730 2688 biii
745 2646 851 2689 corum
863 2630 912 2705 qui
922 2632 1104 2693 humiliabe-
1159 2626 1306 2685 miserans
1325 2628 1490 2687 miserebor
1504 2630 1568 2688 eius
1583 2636 1634 2705 ayt
1651 2630 1806 2691 Dominus.

280 2721 352 2776 runt
362 2720 410 2775 ts:
425 2721 454 2774 et
465 2716 636 2776 adorabunt
648 2718 774 2790 vestigia
787 2720 901 2793 pedum
912 2724 1106 2779 tuorumom-
1196 2717 1296 2773 Statue
1306 2716 1359 2773 tibi
1374 2718 1529 2791 speculum
1545 2734 1623 2793 pone
1636 2720 1689 2777 tibi
1699 2718 1966 2779 amaritudinesrrli·

280 2821 337 2867 aas
351 2806 404 2881 qui
415 2805 592 2865 detraebant
604 2805 667 2865 tibi.
1159 2802 1223 2875 rige
1232 2808 1379 2863 cortuum
1394 2807 1424 2863 iu
1437 2808 1638 2866 viemrectem
1648 2808 1679 2867 iu
1688 2824 1752 2884 qua
1765 2813 1798 2868 tu
1814 2807 1965 2868 ambulasti.

317 2898 351 2951 El
372 2894 524 2952 vocabunt
550 2899 577 2951 le
591 2896 740 2955 civilatem
767 2890 885 2955 Domini
906 2901 986 2972 syon
1009 2899 1106 2957 sancti
1196 2896 1351 2951 Revertens
1359 2895 1444 2966 virgo
1458 2896 1964 2957 srahelrevartercadcivitatestuu:

282 2980 386 3042 Srabel
403 2997 477 3055 :pro
490 2998 526 3041 eo
535 2984 617 3055 quod
628 2998 691 3043 nou
711 2984 792 3042 luisti
822 2986 964 3046 derelicta
992 2993 1022 3046 et
1036 2987 1106 3046 odio
1126 3015 1147 3073 C
1161 2996 1320 3055 usquequo
1333 2982 1447 3041 deliciis
1455 2984 1608 3043 disolveris
1621 2984 1684 3043 filie
1694 3000 1772 3057 vega
1785 2986 1858 3060 quie
1871 2984 1964 3043 creabit

281 3069 386 3128 habite
398 3073 428 3127 et
438 3085 499 3128 non
514 3071 636 3144 eratqui
651 3076 738 3144 perte
758 3075 906 3133 transiret.
1162 3069 1307 3130 Dominus
1322 3086 1532 3150 novumsuper
1549 3078 1781 3134 terremmssuu
1803 3088 1966 3136 cucumeris

318 3158 1109 3240 Ponamteinsuperviaseculorum:gaudiumiuge-
1162 3174 1258 3218 viavit.

283 3249 436 3306 natatione
450 3253 479 3304 ct
492 3247 726 3320 generationem.
1234 3249 1411 3309 IthlPllilll’
1424 3251 1559 3310 ceullcl
1577 3253 1623 3309 Dii
1638 3251 1907 3319 ouibusuastltl

320 3339 354 3394 Et
368 3351 478 3408 sugges
498 3336 545 3394 lec
556 3337 689 3408 gentium
710 3340 917 3399 :etmamillas
930 3342 1109 3413 regumlec-
1500 3340 1650 3399 chltllDl.

284 3425 410 3484 laberis.
1540 3429 1610 3488 lllll.

321 3517 354 3571 Et
367 3515 442 3572 scies
456 3515 527 3590 quia
539 3531 595 3588 ego
610 3516 754 3574 Dominus
766 3518 886 3576 eduens
894 3523 921 3576 to
941 3536 947 3576 :
959 3518 1110 3578 redemtor
1375 3549 1510 3593 emma„
1522 3550 1609 3592 „sm
1621 3549 1774 3593 mpffl,

287 3607 356 3660 tuus
365 3602 449 3661 iorlis
461 3603 565 3662 Jacob.
1472 3641 1615 3712 cmm
1629 3642 1675 3699 58·

321 3693 377 3747 Pro
390 3706 439 3748 ere
450 3691 575 3750 silerem
589 3709 697 3752 aurum
710 3702 739 3752 et
750 3710 805 3769 pro
818 3696 897 3753 terro
920 3696 1047 3756 afferam
1062 3713 1109 3756 ar·

286 3782 410 3851 gentum
423 3785 516 3854 etpro
529 3779 619 3852 lignis
629 3782 683 3840 hes
697 3803 704 3844 ε
719 3789 748 3842 et
758 3799 813 3857 pro
822 3784 976 3859 lapidibus
985 3785 1108 3845 ferrum.

320 3867 354 3924 Et
365 3883 478 3940 ponam
488 3869 687 3929 visitationem
701 3879 785 3931 tuem
795 3889 903 3947 pacem
914 3896 922 3932 ε
932 3880 961 3933 et
973 3875 1111 3950 preposi-

286 3959 333 4013 tos
346 3971 417 4014 suos
431 3956 588 4017 iustitiam.

322 4057 386 4113 Non
394 4055 529 4113 audietur
540 4057 683 4130 iniquitas
693 4057 769 4116 ultre
779 4060 810 4116 in
820 4062 897 4117 terre
906 4065 957 4118 tua
967 4077 975 4117 ε
987 4059 1111 4120 vestitas

286 4146 314 4202 el
324 4143 461 4202 contritio
469 4143 501 4201 in
514 4145 648 4202 terminis
662 4146 728 4204 luis.

321 4242 354 4298 Et
372 4240 531 4315 ⁰⁰⁰¹¹p⁸bit
555 4243 637 4298 ἀίω
655 4259 754 4300 mum
772 4248 840 4302 ‘¹¹⁰⁵
852 4261 859 4303 ²
873 4249 901 4304 ‘t
912 4249 1014 4320 pm
1041 4250 1109 4306 Μ’
1200 4280 1438 4353 ouesigensque
1451 4278 1595 4338 iustitiam
1607 4278 1721 4338 lacent:
1732 4275 1963 4354 etqusiudiciun

284 4327 443 4439 Ῑῦὓᾶᾶῑῑθχ
478 4428 484 4441 .
510 4429 515 4440 Ι
610 4429 616 4442 Ι
1126 4368 1216 4427 DDei
1231 4369 1276 4426 sui
1290 4383 1353 4426 nou
1366 4366 1567 4441 dereliquerit.

319 4429 383 4486 lion
398 4432 453 4485 erit
465 4427 656 4501 tibramplsus
671 4428 716 4486 sol
729 4428 769 4487 ad
789 4429 949 4491 lucendum
962 4449 1015 4507 per
1026 4435 1109 4494 diam
1200 4461 1315 4530 Rogant
1329 4471 1377 4514 m„
1391 4455 1501 4513 iudicia
1512 4456 1645 4514 iusfitiae:
1662 4456 1897 4530 adpropinquare
1919 4453 1964 4506 Deo

283 4527 383 4590 neque
394 4515 537 4590 splendor
557 4517 627 4576 luno
640 4518 832 4578 inluminabit
853 4522 964 4580 tersed
976 4523 1033 4580 crit
1056 4523 1109 4582 tibi
1163 4545 1276 4604 volum,

284 4604 428 4662 Dominus
441 4606 472 4663 in
490 4606 593 4666 lucem
612 4607 827 4680 sempiternam
855 4615 885 4668 ct
897 4613 976 4668 Deus
991 4614 1061 4669 tuus
1077 4613 1109 4670 in
1198 4637 1296 4703 Quare
1311 4633 1512 4691 ieiunabimus
1527 4638 1555 4690 ει
1565 4648 1625 4691 110„
1648 4623 1962 4706 aspexigfimumitiabi·

283 4691 411 4766 dhrim
428 4698 526 4754 imm·
1163 4739 1232 4780 mus
1247 4721 1693 4781 enimasnoetraselnsscistii

318 4792 382 4848 Non
397 4792 511 4850 occidet
520 4793 596 4850 ultra
609 4795 655 4852 sol
665 4799 768 4853 tuuset
778 4793 909 4854 lunetua
922 4812 983 4853 non
992 4797 1108 4855 minuo-
1198 4813 1271 4868 ΕΜ
1283 4809 1405 4867 indiam
1426 4809 1527 4866 ieiunii
1550 4810 1638 4867 vestr-i
1665 4810 1816 4868 invonitur
1844 4805 1960 4864 voluntas

282 4881 872 4952 mistimD⁰m¹1¹¹¹³0liifibiissl⁰⁰⁸ffl
891 4883 1105 4958 “militinam
1160 4905 1280 4957 vestra:
1296 4903 1325 4957 ct
1340 4914 1446 4956 omnes
1460 4897 1610 4954 debitores
1623 4901 1735 4955 'vestros
1753 4897 1885 4970 repetitis.

281 4974 311 5024 01
324 4968 556 5043 &implebuntur
569 4972 634 5028 (Ῑίθ8
647 4972 747 5030 Ῑῑῑθῑῦὅ
763 4973 817 5030 issi·
1194 4991 1267 5046 Ecce
1277 4987 1391 5045 auilites
1407 4993 1435 5042 et
1449 4985 1488 5042 ad
1498 4985 1703 5043 contentiones
1712 4984 1892 5044 ieiunatis:cl
1907 4989 1959 5051 per·

286 5083 293 5116 :
315 5065 446 5139 Populus
460 5073 561 5124 autem
576 5076 647 5126 tuus
665 5083 773 5126 omnes
786 5068 867 5133 iusti,
879 5069 910 5124 in
923 5075 1101 5143 perpetuum
1158 5077 1255 5134 culitis
1271 5091 1373 5150 pugno
1389 5075 1489 5147 impie.

277 5151 487 5212 hereditabunt
507 5161 617 5213 terrem
636 5173 778 5228 :germen
816 5156 1010 5229 plantationis
1036 5175 1101 5216 mee
1165 5187 1168 5194 ι
1190 5165 1283 5223 Nolite
1297 5164 1428 5221 ieiunare
1452 5163 1528 5219 sicut
1557 5162 1713 5235 usquead
1741 5160 1917 5220 hanodiem:
1930 5155 1955 5206 ut

276 5255 354 5314 opus
366 5257 515 5301 manuum
525 5244 964 5316 mearumedgloriiicendum.
1154 5253 1334 5312 audieturiu
1350 5250 1467 5309 excelso
1481 5251 1714 5309 clamorvestsr.
2024 5317 2025 5320 Ἴ

311 5338 449 5396 llinimus
458 5341 512 5396 crit
522 5339 554 5396 in
566 5340 650 5396 mille
665 5340 866 5426 :etparrulus
875 5343 1098 5416 ingentemlor·
1187 5340 1339 5414 Numquid
1352 5339 1409 5398 tale
1424 5343 1468 5397 esi
1477 5340 1620 5397 ieiunium
1635 5337 1719 5412 quod
1729 5338 1805 5410 elegi
1814 5330 1950 5412 :perdicit

273 5424 433 5499 tissimum,
1151 5427 1449 5516 ellligcrebomipem
1464 5427 1725 5518 enimamsuemi

1199 3742 1345 3805 Clemens
1358 3761 1456 3804 cesses
1466 3746 1538 3805 dicit
1548 3743 1986 3821 Dominumquasitubeexalta·

1164 3843 1268 3892 votem
1280 3837 1377 3894 tuem.

1204 3923 1238 3978 ltt
1251 3924 1396 3983 adnuntia
1410 3925 1522 3999 populo
1543 3941 1612 3983 meo
1627 3924 1739 3983 scelere
1764 3925 1913 3983 eorum:ct
1923 3919 1965 3976 do·

1163 4015 1228 4075 mui
1238 4014 1330 4073 tecob
1345 4019 1468 4088 peccata
1479 4029 1597 4071 eorum.

1199 4107 1242 4163 lle
1256 4103 1337 4161 enim
1351 4102 1389 4160 de
1415 4103 1463 4159 die
1485 4099 1518 4158 in
1530 4101 1612 4160 diem
1629 4105 1759 4176 querunt
1771 4101 1894 4160 :etscirc
1913 4097 1965 4153 rias

1164 4208 1249 4250 meas
1262 4191 1375 4249 volunt.
