4117 6175
109 230 164 287 825
840 232 1081 294 assummum.
1761 236 1815 293 826

147 355 280 426 Ampnta
300 353 497 427 obprobrium
516 371 631 426 meum,
651 357 735 431 quod
764 358 975 434 auspicatusrl
1024 361 1242 421 iucunditatem
1254 358 1520 419 iecistioumaervo
1534 362 1597 431 tuo,
1612 361 1737 420 Domina
1753 362 1815 420 'ee-

111 456 181 499 aum
196 440 330 513 ‘judicia
339 442 419 499 enim
432 448 484 503 tua
492 444 635 505 iucunda.
990 451 1124 508 cundum
1137 450 1265 509 verbum
1275 452 1369 509 tuum.

149 530 938 603 Ecceconcupibimandatatuaintna'iuatitiaviritiea
1025 540 1200 608 bonitatem,
1211 544 1241 597 ct
1250 538 1451 611 disciplinam,
1460 542 1490 597 el
1497 537 1652 597 scientiam
1659 538 1734 597 doce
1743 554 1791 599 me
1804 541 1812 559 ⁸

113 632 172 674 me·
989 628 1063 702 quia
1076 627 1226 687 mandalis
1243 627 1302 686 tuis
1318 626 1441 687 credidi.

450 712 513 767 vau
531 712 593 770 (iet.
1024 718 1202 791 Priusquam
1214 716 1396 786 humiliarer,
1426 730 1482 788 ego
1504 712 1637 790 deliqui·
1658 719 1814 790 propterea

380 798 501 856 Bonum
526 801 669 860 solutore.
990 803 1142 878 eloquium
1156 810 1241 864 tunm
1253 805 1411 863 custodibi.

148 882 499 958 [rr11Veniatsupernos
513 890 720 949 misericordia
732 895 794 961 tna,
811 895 937 953 bomine
1025 894 1125 950 Bonus
1139 909 1180 967 es,
1199 895 1322 952 bomine
1342 896 1399 951 'st
1409 892 1441 953 in
1456 892 1589 952 bonitate
1607 895 1660 950 tua
1678 891 1753 949 doce
1765 907 1813 953 me

112 970 129 1008 ’
143 972 275 1030 selutme
289 978 384 1043 tunm,
395 975 586 1050 eteloquium
597 982 692 1038 tuum.
990 978 1215 1042 iustificationes
1230 986 1309 1041 tuas.

148 1064 183 1117 El
206 1061 396 1133 respondebo
421 1065 673 1137 exprobrantibus
691 1068 765 1127 mibi
783 1071 937 1131 verbum*
1025 1070 1214 1143 llulliplioats
1227 1074 1368 1144 estsuper
1378 1086 1427 1128 me
1436 1069 1579 1143 iniquitas
1595 1068 1813 1141 superborum·

110 1150 186 1223 qnia
200 1150 320 1222 sperabi
334 1151 365 1207 in
377 1153 566 1213 sermonibus
585 1156 653 1213 tuis.
990 1160 1190 1230 egoanlemin
1199 1162 1260 1217 tolo
1267 1160 1354 1217 corde
1362 1174 1431 1217 meo
1437 1156 1591 1217 scrutabor
1599 1156 1743 1214 mandata
1750 1163 1811 1215 tna.

146 1240 183 1294 Et
195 1252 234 1295 ne
245 1237 363 1295 auferas
371 1240 410 1297 de
421 1256 472 1298 ore
482 1244 683 1302 meoverbnm
691 1246 821 1305 raritatis
829 1263 936 1321 usque·
1026 1248 1246 1319 Quoagulatum
1259 1252 1314 1316 est,
1330 1249 1407 1305 sicut
1419 1248 1466 1305 lac
1474 1262 1525 1305 eor
1540 1261 1644 1304 eorum
1656 1248 1664 1265 '
1677 1260 1733 1317 ego
1741 1260 1811 1304 vero

108 1340 235 1399 quaque
250 1328 344 1401 ‘qnia
354 1329 387 1385 in
397 1328 516 1387 iudiciis
528 1332 588 1390 tuis
599 1334 731 1406 sperabi.
988 1336 1087 1407 legem
1104 1340 1186 1393 tuam
1205 1336 1365 1393 meditatus
1377 1351 1458 1392 sum.

145 1418 181 1471 lit
196 1416 364 1475 custodiam
374 1416 472 1489 legem
483 1424 565 1478 luam
580 1437 699 1496 semper
711 1426 720 1442 '
734 1424 766 1483 in
778 1428 935 1496 eternum,
1026 1426 1142 1481 Bonum
1156 1423 1229 1482 mihi
1244 1428 1300 1493 est,
1319 1423 1402 1497 quod
1412 1422 1578 1481 humiliasti
1588 1436 1646 1487 me,
1664 1421 1788 1479 Domine
1803 1424 1812 1442 '

107 1506 138 1560 et
150 1503 182 1559 in
193 1504 339 1562 seculum
348 1506 457 1564 wculi.
989 1514 1023 1569 ut
1035 1510 1150 1571 discam
1162 1510 1391 1585 justificationes
1406 1514 1486 1569 tuas.

143 1594 182 1648 lit
191 1592 347 1651 ambulabi
361 1593 394 1651 in
405 1594 559 1656 latitudine
568 1599 815 1674 ‘quiapraoepla
824 1605 878 1663 tua
888 1616 937 1661 sx-
1025 1600 1108 1658 Bona
1119 1598 1193 1657 milri
1207 1604 1251 1659 est
1268 1599 1316 1658 lex
1331 1600 1391 1658 orie
1404 1599 1446 1657 tui
1460 1601 1469 1619 '
1481 1612 1573 1671 super
1586 1595 1680 1655 millia
1691 1596 1766 1663 auri,
1784 1600 1813 1655 et

104 1680 233 1752 quisibi.
951 1702 975 1759 Β
989 1687 1113 1760 arpenti.

145 1770 267 1843 loquar
280 1768 318 1828 da
333 1771 510 1831 testimoniis
525 1774 584 1831 tuis
598 1776 629 1834 in
643 1780 806 1851 conspectu
817 1793 934 1852 regum,
1368 1774 1440 1835 ¹0¹h·

105 1860 118 1881 ·
133 1860 166 1914 et
178 1873 240 1915 non
251 1858 431 1919 confundar.
1259 1864 1443 1935 Principium
1457 1864 1534 1921 oleo.

147 1947 184 2003 Er
196 1946 366 2006 meditabor
373 1948 405 2005 in
418 1949 636 2008 mandatistnis
647 1955 656 1972 '
668 1967 737 2026 quse
746 1953 836 2012 dilexi
847 1956 936 2015 vehe-
1022 1954 1127 2011 uanus
1140 1956 1199 2011 turc
1207 1952 1340 2011 iecerunt
1349 1966 1408 2020 me,
1417 1953 1446 2009 el
1453 1949 1682 2026 plasmaberunt
1690 1965 1739 2007 me
1747 1954 1762 1988 ⁸
1771 1950 1811 2009 da

103 2037 238 2092 menter.
987 2041 1266 2108 mibiintallectum,
1278 2044 1312 2099 ut
1323 2040 1439 2099 discam
1453 2039 1599 2099 mandata
1610 2042 1671 2097 tua.

141 2122 179 2177 El
191 2119 293 2179 lebabi
301 2136 412 2181 manus
425 2139 509 2183 meas
522 2126 555 2183 in
567 2128 718 2186 mandatis
727 2129 795 2201 tuis,
805 2146 874 2206 quaa
888 2132 934 2191 di·
1022 2131 1078 2197 Qui
1092 2132 1197 2189 timent
1210 2135 1246 2197 te,
1259 2130 1471 2201 videbuntme,
1482 2132 1511 2186 et
1519 2126 1699 2185 letabuntur
1711 2126 1729 2159 ¹¹
1739 2127 1811 2201 quia

99 2207 167 2265 laxi
182 2210 191 2229 '
209 2214 239 2266 el
250 2213 411 2270 exercebor
419 2213 451 2269 in
465 2213 654 2273 mirabilibus
673 2217 743 2278 iuis.
984 2219 1017 2277 in
1030 2219 1123 2277 verbo
1136 2224 1186 2276 tuo
1199 2217 1329 2292 sperabi.

419 2304 490 2375 Zay.
505 2305 573 2363 ileo.
587 2307 617 2361 T.
1019 2308 1164 2380 cognobi,
1178 2308 1313 2379 Domine,
1332 2307 1404 2380 quia
1414 2306 1549 2381 aquitae,
1563 2308 1592 2363 et
1605 2303 1726 2373 veritas,
1734 2302 1810 2363 iudi·

453 2392 584 2451 Initium.
984 2396 1031 2455 cie
1050 2400 1167 2455 tua'et
1180 2396 1343 2455 inveritate
1356 2398 1408 2454 lua
1421 2394 1586 2453 humiliasti
1598 2408 1656 2451 me.

131 2478 283 2535 ilemento
295 2478 429 2539 verbitui
442 2496 527 2539 servo
540 2487 592 2541 tuo
608 2482 668 2543 *in
679 2486 828 2559 quomibi
844 2502 931 2562 apem
1020 2485 1084 2542 Fiat
1097 2498 1179 2543 nunc
1197 2484 1402 2543 misericordia
1418 2488 1480 2553 lua,
1503 2487 1532 2541 et
1554 2482 1723 2541 consoletur
1743 2483 1811 2540 me‘

98 2563 225 2631 dedisti,
245 2567 381 2625 bomine.
983 2573 1152 2631 meandum
1167 2572 1319 2647 eloquium
1329 2576 1415 2629 tuum
1425 2586 1496 2629 cum
1509 2586 1597 2629 servo
1616 2575 1678 2629 tuo.

132 2655 204 2711 llac
220 2669 269 2712 me
278 2656 434 2716 consolata
447 2662 493 2717 est
512 2658 544 2717 in
566 2659 733 2721 bumilitate
746 2677 816 2721 mea
836 2666 844 2683 '
857 2664 931 2740 qnia
1018 2660 1146 2719 Veniant
1155 2660 1229 2718 mihi
1240 2659 1448 2718 miserationes
1463 2662 1533 2726 tua,
1548 2661 1581 2715 ul
1599 2658 1702 2715 rivam
1717 2660 1725 2677 ⁰
1737 2658 1810 2731 quia

96 2741 258 2816 eloquium
270 2751 357 2802 tuum
366 2746 526 2805 vivificavit
538 2764 596 2806 me.
983 2748 1030 2807 lex
1046 2752 1098 2805 tua
1109 2746 1264 2805 meditatio
1279 2760 1349 2805 mea
1361 2748 1416 2803 est.

136 2832 267 2905 Superbi
289 2833 393 2909 inique
411 2835 543 2907 agebant
561 2852 779 2913 usquequaque
802 2842 844 2899 ‘a
863 2841 929 2914 lege
1019 2835 1246 2894 confundantur
1263 2832 1392 2907 superbi,
1413 2832 1486 2906 quia
1498 2831 1606 2889 iniuste
1620 2829 1808 2903 iniquitatem

98 2923 205 2978 aulem
216 2924 270 2979 ina
283 2938 346 2980 non
358 2923 520 2983 declinabi.
983 2924 1116 2982 lecerunt
1134 2924 1165 2981 in
1179 2924 1244 2981 me'
1257 2936 1312 2994 ego
1323 2924 1424 2980 aulem
1439 2918 1599 2980 meremor
1609 2918 1807 2993 inpreceptis

136 3012 251 3067 llemor
264 3010 307 3069 fui
318 3012 930 3090 iudiciorumluorumaaesculo,llomine'
945 3048 966 3106 C
983 3014 1052 3073 ruis.

98 3103 129 3157 et
142 3097 308 3159 delectatus
322 3118 400 3159 sum.
1020 3103 1235 3160 convertantur
1249 3100 1289 3160 ad
1298 3116 1347 3160 me
1356 3100 1527 3160 dmenteste
1542 3097 1653 3174 'etqui
1662 3097 1810 3158 noberunt

135 3189 270 3248 Teedium
278 3191 930 3272 uncirmsprcpeccatoribusuerslinquen-
984 3191 1155 3249 testimonia
1167 3195 1228 3249 111⁸·

99 3276 181 3333 tibus
192 3277 291 3349 legem
304 3284 400 3337 tuam.
1019 3280 1140 3338 Fiatcor
1154 3295 1256 3337 meum
1270 3279 1498 3337 immaculatum
1510 3276 1542 3334 in
1552 3275 1611 3333 tuis
1624 3275 1807 3332 iustificatio-

135 3365 309 3426 Canlabilea
320 3373 405 3428 erant
416 3367 494 3428 mibi
509 3369 734 3430 iustificationes
751 3377 807 3433 ture
821 3375 852 3433 in
862 3375 930 3435 loco
984 3368 1098 3426 nibuss'
1116 3373 1149 3425 ul
1163 3365 1412 3428 n0n0⁰1¹fu¹¹dssb

96 3454 329 3513 incolatusmei.
933 3489 938 3497 ·
1347 3470 1443 3545 llapb.

134 3543 301 3602 llemorlui
313 3544 345 3602 in
356 3549 443 3604 nocte
458 3545 589 3606 nominis
599 3549 651 3617 tui,
672 3551 798 3609 bomine
812 3554 860 3611 'et
875 3568 930 3612 ou·
1333 3577 1455 3636 uanus.

99 3631 212 3690 stodibi
224 3631 322 3704 legem
335 3638 428 3691 tuam.

134 3721 198 3817 Hoc
208 3719 288 3861 i{aiibi
303 3721 418 3782 laetum
432 3728 478 3781 est
491 3723 502 3746 ·
516 3723 591 3797 quia
612 3725 839 3786 iustificationes
861 3731 930 3788 tuas

100 3820 207 3880 exqurs
241 3821 260 3860 r.

1018 3687 1091 3763 [arv]
1104 3686 1212 3744 Deiecit
1225 3687 1256 3742 in
1281 3684 1403 3744 salutmi
1420 3687 1471 3743 tuo
1489 3682 1593 3743 anima
1613 3697 1683 3741 mea
1700 3690 1710 3709 ·
1731 3685 1760 3740 et
1774 3681 1808 3741 in

982 3777 1142 3834 verbotuo
1161 3773 1290 3849 sperabi,
1311 3773 1446 3832 Domine.

471 3896 555 3954 geth·
1018 3865 1194 3923 Deiecerunt
1212 3863 1290 3921 oculi
1299 3863 1358 3921 mai
1374 3863 1405 3920 in
1420 3861 1573 3936 eloquium
1584 3859 1805 3920 tuum*dioen·

370 3983 437 4042 vna
450 3985 498 4042 m
509 3987 666 4044 vivacitas·
983 3959 1027 4014 tes
1042 3971 1049 4012 :
1064 3953 1191 4020 Quando
1201 3951 1403 4010 consolaberis
1417 3967 1477 4010 me.

132 4069 314 4137 Portiomea‚
324 4070 718 4145 Domine,‘dixi,custodirs
730 4074 927 4148 legemtuam.
996 4043 1095 4145 ‚⁰⁰¹⁸
1106 4043 1203 4100 “⁰²⁰⁵
1221 4057 1299 4108 Μ’
1316 4040 1392 4140 ⁵i⁰¹¹f
1406 4039 1511 4098 ΝΜ
1522 4039 1631 4112 pruma
1643 4040 1652 4058 ⁹
1666 4037 1805 4096 mamm*

133 4157 504 4228 lleprecatussumlaciem
519 4162 603 4216 tuam
613 4159 674 4216 *de
683 4161 839 4218 totocorde
848 4177 926 4221 meo.
982 4135 1079 4189 “⁰⁰⁰⁵
1093 4134 1159 4188 ‘¹¹⁸⁸
1169 4145 1231 4232 ¹¹⁰¹}
1245 4144 1313 4187 '¹¹³¹
1328 4129 1447 4231 ΜΨ·
1501 4217 1508 4230 ,
1763 4215 1769 4228 ,

131 4239 269 4298 lliserere
279 4240 337 4299 mei
348 4241 516 4300 secundum
527 4242 681 4317 eloquium
692 4248 790 4315 tuum,
801 4247 929 4319 quisce·
1018 4223 1094 4289 0⁰⁰¹
1109 4223 1179 4277 ⁸⁰⁰⁸
1192 4219 1256 4318 d¹f³⁵
1270 4234 1344 4276 ‘W
1360 4223 1412 4319 {¹¹¹⁹
1424 4220 1548 4318 ,ΗΜΘ
1558 4215 1701 4290 'quand0
1713 4215 1806 4274 f⁸⁰²0⁸

95 4323 191 4395 gilabi
202 4322 268 4380 vias
279 4328 343 4382 tuas
355 4326 366 4347 ·
379 4329 409 4381 et
416 4326 549 4384 converti
559 4327 653 4400 pedes
663 4343 746 4386 meos
759 4328 791 4385 in
801 4330 928 4388 testimo·
983 4311 1020 4366 ‘¹0
1035 4307 1282 4382 P⁰l⁵⁰<l¹1011¹¹b11⁸
1301 4322 1349 4365 ΜΘ
1359 4305 1522 4364 'Ultimum-

96 4406 151 4465 nia
165 4411 228 4464 tue.
943 4392 967 4447 D
1017 4397 1219 4455 Narreberuni
1232 4396 1306 4453 mibi
1316 4395 1413 4469 iniqui
1425 4393 1635 4452 delectationes
1648 4409 1720 4452 snas
1732 4395 1743 4418 ¹
1753 4393 1807 4452 sed

132 4491 258 4549 Paratus
276 4509 356 4563 sum,
379 4497 409 4552 et
428 4509 490 4552 non
509 4509 577 4552 sum
597 4496 732 4552 turbatus
750 4495 927 4555 'custodire
981 4500 1043 4543 1¹0n
1056 4485 1107 4553 iia,
1122 4485 1211 4544 11²1ss
1224 4490 1286 4552 111³,
1302 4483 1437 4542 Domine·

97 4575 247 4633 mandata
258 4581 320 4634 tua.
1017 4574 1122 4632 Omnia
1150 4572 1295 4631 mandata
1317 4577 1368 4630 tua
1387 4572 1496 4630 veritas
1513 4573 1522 4592 ·
1542 4572 1637 4646 iniqui
1657 4571 1805 4647 persecuti

134 4661 233 4716 lunas
244 4665 436 4732 peccalorum
447 4661 641 4736 circumplexi
662 4668 734 4721 sunt
755 4679 803 4722 mc
820 4669 875 4723 *et
888 4666 927 4724 le·
981 4670 1052 4720 sunt
1062 4678 1120 4731 me,
1135 4677 1257 4720 sucurre
1271 4661 1357 4720 mihi.

97 4758 169 4814 gem
181 4748 263 4800 tuam
275 4759 337 4800 non
351 4761 419 4801 sum
434 4745 556 4803 oblitus.
1015 4751 1218 4810 paulominus
1232 4749 1520 4809 consummaberunt
1533 4765 1582 4807 me
1591 4749 1622 4806 in
1632 4750 1735 4808 terra*
1749 4760 1806 4818 ego

134 4825 327 4884 lledianocle
341 4827 503 4900 surgebam
517 4830 557 4887 ad
568 4829 773 4888 confitendum
787 4831 840 4888 tibi
854 4836 926 4890 'au-
979 4845 1155 4898 autemnon
1169 4839 1315 4913 dereliqui
1329 4841 1473 4898 mandata
1487 4843 1550 4897 tua.

96 4925 153 4984 per
170 4908 409 4969 iudiciaifflfififfl
419 4915 488 4970 2¹1&-
1016 4929 1185 4988 Secundum
1199 4927 1437 4986 misericordiam
1451 4931 1534 4985 tuam
1549 4923 1665 4983 virifica
1678 4938 1727 4983 me
1746 4924 1757 4946 *
1772 4923 1806 4980 ui

131 4995 360 5068 Particepssum
370 5010 427 5067 ego
436 4997 573 5054 omnium
584 4997 753 5056 timentium
767 5001 796 5057 te
810 5000 859 5056 'et
873 5015 926 5057 cn·
979 5017 1148 5076 eufimiam
1159 5015 1327 5075 testimonia
1339 5015 1399 5072 οη,
1417 5015 1469 5072 tui,

94 5076 294 5135 stodienlinm
306 5079 528 5138 mandatatua.
1322 5120 1456 5179 Lameth.

131 5160 331 5218 biserioordia
344 5163 408 5225 tua.
421 5163 558 5236 Domine,
574 5162 665 5237 plena
678 5167 810 5222 estlerra
824 5164 927 5223 'insti-
1467 5227 1472 5240 Ι
1564 5225 1595 5238 ..

94 5243 253 5302 sscadonss
264 5249 333 5303 tuas
349 5245 424 5303 (1000
438 5262 497 5304 ma,
1120 5229 1296 5300 Decipitur,
1311 5229 1373 5287 sice
1386 5227 1485 5287 cordes
1494 5226 1656 5284 camisam.

474 5335 556 5394 Tella.
1012 5337 1089 5394 Ana.
1107 5335 1385 5406 lamentavere,
1397 5337 1584 5407 etpermocet
1595 5333 1807 5392 :ordimtioci

450 5423 577 5483 Bonum.
979 5431 1038 5484 tue
1050 5431 1241 5492 perseverent
1256 5425 1329 5492 dies,
1344 5425 1485 5499 qaociom
1497 5424 1639 5486 autumo
1668 5423 1802 5486 serviunt

133 5514 215 5574 tna.
232 5511 337 5573 Bonus
356 5527 397 5587 ea,
411 5513 555 5573 maine:
575 5511 706 5578 muare
718 5514 790 5576 doce
804 5529 868 5579 noa.
979 5515 1045 5586 tibi,
1064 5513 1195 5577 Domine.
