4117 6175
94 208 150 265 ere
871 185 1035 280 carruca,
1750 272 1805 330 au

127 334 159 393 Si
172 293 272 394 celum
283 336 377 395 etceli
390 336 523 396 calorum
536 356 598 399 non
612 347 640 399 te
650 344 790 417 capiunt:
804 342 928 417 quando
942 342 966 401 A
979 344 1011 402 in
1025 352 1169 413 omnibus
1180 362 1287 420 seculis
1301 369 1470 432 seculorum
1481 394 1491 434 ¹:
1506 386 1646 453 quoniam
1669 391 1738 454 inte
1750 396 1802 457 hc.

88 424 188 495 magis
199 424 308 481 domus
320 423 378 483 ista
389 442 483 500 quam
489 429 636 487 edificabi.
978 436 1094 498 nedicet
1107 459 1197 505 omne
1213 457 1352 513 sanctum
1368 458 1401 517 in
1410 466 1555 530 eternum.

125 513 174 569 set
188 513 299 569 adhoc
313 517 430 572 tantum
445 516 624 575 iactaestut
642 521 785 592 respicias
802 521 841 577 ad
857 535 922 579 ortt·
1349 547 1417 607 Lm,

87 599 201 657 tionem
216 601 295 658 servi
308 601 350 659 tui
362 619 369 659 :
382 608 411 661 et
424 603 666 665 obsecrationem
684 608 758 666 eius.
1063 614 1188 697 [curru]
1202 640 1339 689 caurrcuu
1350 650 1419 693 nara
1434 656 1467 697 or
1489 660 1572 705 cinno
1594 669 1704 719 nouam.
1740 672 1795 741 '332

123 688 253 748 Domina
266 691 347 747 Deus
363 708 447 749 meus
460 693 532 750 audi
548 711 652 768 preces
665 712 742 769 quas
765 695 862 754 fundit
876 696 919 755 fa·
1283 720 1473 792 cappam&

90 777 193 834 mulus
212 781 391 836 tuuscoram
405 788 448 838 te:
465 788 497 838 ut
507 786 625 857 aperias
639 784 742 843 oculos
751 794 820 843 tuos
828 800 919 860 super
1005 791 1154 856 Adsumta
1167 805 1313 874 parabola
1326 828 1382 873 sua
1395 816 1469 875 dixit
1490 824 1611 889 Balaam

94 865 224 922 domum
238 865 329 925 istam
342 869 448 926 diebus
464 870 521 928 hac
532 872 670 929 noctibus
696 890 787 948 super
814 872 916 932 locum
969 877 1095 941 adduxit
1105 902 1152 945 me
1168 891 1274 953 balaac
1287 912 1340 957 rex
1353 902 1553 973 Moabitarum
1577 918 1615 977 de

63 930 916 1027 'inquopotbcitusesutinvocareturnomentuometex-
968 967 1100 1027 orientis.

87 1041 198 1099 audias
210 1045 378 1104 orationem
395 1062 490 1120 quam
504 1063 608 1105 servus
623 1054 766 1109 tuusorat
787 1052 818 1109 in
832 1067 877 1109 eo.
1003 1052 1078 1113 Veni
1099 1058 1207 1135 inquid
1219 1071 1249 1126 et
1269 1072 1447 1138 maledicere

123 1132 240 1189 Exaudi
257 1148 361 1205 preces
374 1133 533 1193 famulitui
547 1144 575 1193 et
587 1139 692 1211 populi
714 1140 757 1197 tui
782 1141 911 1199 Srahel:
967 1139 1116 1204 detestare
1135 1152 1251 1213 Srahcl.

84 1218 274 1294 quicumque
283 1220 414 1279 oraberit
423 1224 455 1280 iu
468 1223 535 1280 loco
548 1227 619 1285 isto.
1002 1233 1160 1296 Quomodo
1170 1243 1401 1311 maledicamcui
1409 1273 1470 1317 uon
1482 1266 1785 1343 maledixitllominus

121 1308 238 1365 Exaudi
256 1310 293 1367 de
304 1309 478 1368 habitaculo
489 1318 593 1370 sancto
608 1321 660 1371 tuo
687 1315 719 1372 id
733 1321 779 1374 est
791 1315 830 1375 de
840 1318 911 1376 celis
965 1323 1209 1394 autquaratione
1219 1334 1447 1414 detesterquem
1457 1350 1602 1415 Deusnon
1612 1362 1784 1433 detestetur.

83 1401 114 1452 et
128 1394 293 1468 propitiare
309 1402 362 1456 :tu
376 1414 409 1454 es
424 1401 506 1457 enim
518 1402 596 1458 Deus
611 1418 708 1461 meus.
1000 1407 1179 1508 Da'summis
1192 1419 1325 1480 silicibus
1338 1428 1450 1491 ridebo
1467 1452 1533 1495 aum
1550 1450 1597 1503 :et
1608 1450 1646 1507 de
1661 1456 1786 1519 collibus

119 1484 300 1556 Aperiantur
313 1502 408 1559 queso
421 1488 501 1545 oculi
516 1490 573 1546 tui:
586 1495 614 1547 et
627 1507 716 1549 aures
732 1497 781 1551 tue
800 1494 911 1551 intente
964 1497 1163 1561 considerabo
1175 1505 1270 1567 illum.

83 1571 145 1628 sint
159 1573 378 1632 adorationem
392 1592 452 1649 que
463 1576 496 1635 iit
508 1577 614 1635 iuloco
629 1579 697 1637 isto.
999 1586 1131 1658 Populus
1145 1594 1225 1653 enim
1239 1598 1321 1659 solus

119 1664 206 1719 Nunc
219 1661 465 1736 igitur-consurgo
478 1667 601 1724 Domine
615 1669 694 1726 Deus
718 1669 750 1727 in
775 1670 911 1743 requiem
927 1673 950 1730 B
963 1674 1160 1745 reputabitur.

82 1754 165 1807 tuam
179 1769 187 1807 ε
199 1758 231 1809 tn
245 1758 273 1809 et
288 1768 359 1810 arca
376 1754 621 1813 sanctificationis
636 1762 696 1814 tue.
999 1760 1072 1827 Quis
1095 1764 1285 1833 dinumerare
1306 1783 1387 1852 posit
1408 1788 1565 1859 pulberem
1592 1802 1705 1870 Jacob:

120 1840 297 1898 Sacerdotes
305 1840 477 1900 tuiDomine
488 1846 565 1900 Deus
578 1844 908 1923 induanturiustitiamg
963 1862 1054 1908 nosse
1066 1868 1227 1918 numerum
1237 1864 1337 1939 stripis
1352 1872 1464 1933 Srabel.

83 1934 115 1985 et
124 1929 220 1986 sancti
230 1930 273 1986 tui
288 1928 415 1988 letentur
429 1931 459 1987 in
473 1932 572 1988 bonis.
998 1940 1136 1999 lloriatur
1147 1946 1250 2009 anima
1262 1969 1331 2014 mea

1621 852 1631 905 ,·
1657 835 1694 895 de
1712 842 1792 904 Arcu

1637 930 1790 991 montibus

1467 1086 1578 1173 iacob:
1607 1111 1738 1173 propera
1759 1113 1788 1168 et

1337 1603 1485 1673 habitabit
1499 1617 1594 1681 :inter
1611 1633 1714 1699 gentes
1725 1650 1786 1697 non

1733 1820 1786 1875 aut

1357 1968 1452 2023 morte
1470 1966 1618 2039 iustorum
1642 1990 1691 2046 :et
1713 1990 1787 2052 fiant

119 2017 335 2075 DomineDeus
346 2033 385 2075 ne
400 2019 633 2078 avertasfaciem
644 2022 751 2080 christi
765 2022 809 2082 tui
826 2044 833 2081 ι
849 2038 911 2080 me·
963 2024 1131 2087 nobissima
1143 2048 1211 2093 met
1219 2037 1330 2101 horum
1353 2048 1470 2113 similia·

78 2111 186 2164 mento
198 2105 436 2165 misericordiam
451 2108 545 2166 David
556 2110 631 2167 servi
641 2110 692 2167 tui.
998 2117 1062 2173 Non
1072 2123 1117 2177 est
1129 2120 1208 2182 Deus
1220 2129 1296 2187 sicui
1311 2133 1405 2197 homo
1433 2148 1466 2202 ut

464 2214 525 2271 ιη,
961 2198 1041 2261 iilius
1052 2204 1183 2269 bominis
1203 2219 1236 2273 ut
1255 2223 1396 2285 mutetur.

207 2335 624 2380 momentanearum
639 2339 781 2382 ararum.
1340 2330 1408 2393 btv.

351 2427 633 2498 Tobietlopitutott.
1018 2484 1025 2495 .
1191 2442 1324 2494 munaus
1347 2452 1382 2495 or
1397 2458 1548 2513 rrosrono.

112 2552 193 2607 Luce
205 2548 448 2623 claralulgebis:
470 2550 501 2607 in
515 2550 657 2609 omnibus
678 2554 792 2613 finibus
816 2562 903 2618 terre.
1064 2529 1163 2601 Epss‘·
1181 2536 1206 2590 ¹·
1221 2539 1263 2596 “d
1282 2542 1384 2603 Tim·
1411 2551 1549 2623 Capitale
1564 2566 1581 2620 i
1595 2574 1624 2624 et
1642 2576 1670 2629 6.

111 2639 255 2697 Nationes
271 2638 361 2697 multo
375 2639 413 2695 de
424 2639 544 2711 loginco
558 2642 677 2700 venient
686 2643 755 2702 tibi:
780 2650 809 2703 et
822 2647 905 2704 habi·
992 2649 1191 2723 Adprehende
1204 2657 1298 2719 dmm
1320 2673 1454 2731 eternam
1466 2676 1498 2734 in
1519 2698 1581 2755 qua
1592 2700 1717 2755 vocatus
1737 2709 1783 2761 est

71 2732 187 2827 latores
202 2728 541 2830 anobissimispartibus
563 2734 638 2787 terre
664 2731 703 2789 ad
722 2735 904 2793 nomentio
956 2738 1156 2884 griffinus
1184 2744 1297 2807 bonam
1324 2757 1542 2827 contessionem
1561 2790 1665 2837 coram
1678 2786 1780 2847 multis

70 2819 289 2964 mlgtlrlrjrirlbera
303 2922 360 2964 sua
372 2906 404 2963 in
419 2908 560 2966 manibus
574 2905 731 2978 habentes,
749 2911 813 2982 regi
825 2911 903 2970 cclo-
991 2917 1236 2991 Exemplumesto
1248 2926 1418 2993 fideliumio

1493 2156 1655 2219 mentiatur
1668 2180 1744 2225 :nec
1754 2176 1787 2231 ut

1437 2942 1570 3021 verb⁰‚iu
1580 2968 1779 3029 conversatio

69 2996 281 3055 rumofferunt
288 3011 353 3053 cum
361 2995 506 3055 letitiazet
516 3012 629 3055 nomen
638 2997 752 3064 Domini
762 3015 902 3073 magnum
921 3018 1004 3083 cuc,
1020 3005 1052 3062 in
1063 3008 1184 3067 caritate
1207 3012 1261 3071 :in
1278 3016 1336 3076 fide
1349 3027 1377 3081 et
1394 3025 1426 3084 in
1438 3036 1582 3101 castitate.

66 3089 128 3146 erit
143 3088 176 3145 in
192 3085 333 3144 omnibus
350 3084 458 3142 seculis
471 3085 649 3143 seculorum.
991 3096 1162 3158 uumvenio
1171 3102 1299 3164 adtende
1308 3108 1776 3207 lectioni:exortationidoetrine

103 3175 257 3234 Maledici
269 3189 375 3232 omnes
387 3175 439 3247 qui
456 3181 602 3246 spernunt
616 3181 661 3233 te:
679 3180 706 3232 et
725 3193 832 3235 omnes
846 3180 901 3254 qui
988 3183 1214 3261 Nolineglegerc
1223 3197 1350 3262 graiium
1360 3218 1418 3276 que
1428 3209 1459 3265 in
1475 3215 1560 3276 teest
1571 3229 1723 3298 :quedate
1732 3243 1776 3296 est

61 3264 258 3322 blasfemant
271 3267 309 3320 ω,
952 3268 1005 3326 tihi
1015 3288 1069 3344 per
1080 3278 1238 3348 profetiam
1247 3298 1318 3343 cum
1341 3289 1532 3366 impositione
1545 3324 1702 3375 manuum,

101 3351 254 3412 ualedicti
263 3365 369 3407 omnes
382 3350 434 3422 qui
452 3348 581 3407 oderunt
590 3356 638 3411 te:
656 3357 684 3410 et
706 3369 814 3412 omues
846 3357 899 3430 qui
988 3361 1046 3416 fleo
1056 3364 1199 3422 meditare
1207 3368 1240 3424 in
1249 3369 1297 3428 his
1310 3383 1389 3435 esto:
1402 3389 1433 3440 ut
1442 3391 1526 3458 prole

62 3443 215 3500 dixerunt
225 3439 292 3496 inte
304 3437 430 3494 verbum
439 3437 562 3496 durum.
950 3449 1044 3507 festus
1060 3453 1097 3510 sit
1106 3457 1257 3517 omnibus.

100 3527 253 3589 unledicti
264 3542 370 3584 omncs
386 3527 436 3599 qui
455 3525 608 3598 deponunt
621 3533 648 3584 te
665 3548 672 3588 ;
690 3533 833 3588 etomnes
845 3532 899 3606 qui
985 3539 1119 3599 Adtende
1134 3545 1186 3602 tibi
1198 3553 1226 3605 et
1237 3550 1371 3614 doctrine
1389 3575 1394 3614 :
1411 3561 1490 3624 insta
1499 3568 1530 3628 in
1544 3574 1611 3636 illis.

61 3620 343 3677 dextruuntmuros
352 3620 428 3680 tuos,
438 3620 466 3670 et
478 3631 583 3672 omnes
594 3617 646 3690 qui
656 3617 897 3678 subvertunttur·
985 3629 1046 3685 lloc
1056 3629 1136 3688 enim
1147 3634 1276 3697 iaciens:
1292 3647 1321 3699 ct
1331 3646 1358 3701 te
1379 3647 1481 3722 ipsum

60 3725 114 3767 res
130 3713 212 3775 tuas,
236 3709 265 3762 et
282 3719 387 3761 omues
404 3703 457 3776 qui
483 3705 670 3763 succendunt
697 3706 896 3767 habitationes
949 3716 1001 3787 qui
1013 3721 1041 3774 tc
1057 3720 1194 3782 audiunt.

61 3805 149 3869 tuas,
166 3799 197 3853 et
208 3793 358 3852 benedicti
372 3797 459 3850 crunt
471 3793 504 3851 in
518 3797 546 3850 ta
568 3808 673 3851 omncs
694 3796 747 3868 qui
770 3797 896 3869 diligunt
1327 3822 1381 3882 tv.

59 3892 91 3945 ω
106 3887 142 3942 in
164 3887 302 3940 eternum,
1037 3896 1211 3957 lNGlPtUNl'
1238 3904 1373 3968 CANTlcl
1400 3917 1445 3974 bu
1473 3926 1671 4000 COTllllANO.

97 3976 187 4032 Tunc
201 3970 300 4044 gaude
314 3974 344 4028 et
354 3969 446 4028 letare
463 3986 532 4028 cum
551 3969 622 4027 tiliis
645 3972 809 4030 iustorum:
823 3976 896 4047 quia
1108 4000 1243 4049 curriculi
1257 4010 1341 4054 norst
1355 4018 1389 4058 nn
1408 4022 1488 4068 amco
1504 4032 1609 4081 31000,

57 4078 177 4122 omnes
192 4059 397 4132 colligenturet
409 4058 588 4118 benedicent
599 4060 763 4118 Dominum
777 4061 809 4119 in
822 4068 895 4121 eter-
927 4059 932 4068 ’
1261 4083 1397 4154 capituto
1422 4100 1463 4154 lb.

57 4168 154 4210 num,
984 4160 1138 4219 Cantemus
1147 4166 1712 4272 Dominosglorioseenimhonorificatus
1726 4222 1774 4277 est

96 4239 215 4298 Felices
231 4236 284 4311 qui
305 4237 434 4308 diligunt
457 4241 495 4307 te,
525 4237 624 4295 felices
636 4239 687 4312 qui
710 4237 840 4310 gaudent
862 4242 894 4300 in
982 4249 1098 4320 Equum
1111 4256 1139 4308 et
1153 4270 1345 4320 ascensorem
1360 4283 1367 4322 :
1383 4275 1544 4342 proiecitin
1554 4304 1645 4354 mere,

56 4343 141 4402 pace
153 4331 216 4392 tua,
232 4328 261 4381 et
274 4324 373 4381 felices
383 4340 489 4382 omnes
507 4325 647 4383 homines
659 4326 711 4400 qui
726 4329 894 4388 constrista·
911 4374 933 4430 ὓ
981 4337 1105 4436 Adiutor
1119 4347 1148 4398 et
1166 4351 1315 4417 protector
1332 4370 1419 4416 meus
1447 4366 1612 4438 Dominus:
1629 4390 1656 4444 et
1676 4389 1772 4455 factus

54 4412 355 4486 bunturinssagellis
369 4414 426 4470 tuis
442 4413 608 4487 :quoniam
620 4416 893 4486 gaudebuntomne
946 4424 1054 4482 micrrn
1069 4428 1161 4487 solute

57 4505 215 4578 gaudium
229 4505 315 4560 tuum
327 4503 358 4560 in
369 4502 482 4560 secula.
983 4514 1034 4570 llic
1044 4515 1121 4574 licus
1136 4535 1221 4579 meus
1230 4526 1471 4600 ethonorilicabo
1483 4561 1553 4609 aum
1567 4571 1574 4611 :
1586 4559 1663 4620 licus
1677 4573 1771 4640 patris

96 4593 212 4652 Anima
221 4607 283 4648 mea
297 4591 621 4649 bencdicctltominum
632 4608 734 4665 regem
748 4609 895 4666 magnum
948 4601 1009 4658 mci
1023 4606 1052 4660 et
1080 4607 1220 4668 exaltabo
1248 4630 1328 4676 cum.

60 4683 140 4757 quie
165 4679 276 4738 biberit
297 4680 476 4739 iherusalem
499 4697 506 4737 :
534 4685 563 4738 ct
585 4680 771 4739 edificabitur
788 4685 897 4742 iterum
984 4691 1712 4800 DominusconterensbellaDominusnomenest
1726 4748 1769 4810 ei:

62 4771 180 4828 domus
193 4767 574 4835 eius‚inomnibusseoulis
592 4770 762 4828 seculorum
777 4772 898 4830 conlite-
951 4781 1204 4842 cmrusrareonis
1219 4793 1247 4846 et
1261 4799 1421 4862 exercitum
1429 4810 1493 4870 eius
1500 4822 1663 4888 proiecitin
1680 4848 1774 4895 mere,

64 4858 152 4916 bitur
167 4856 384 4930 regioelorum.
987 4866 1103 4928 illectos
1113 4887 1286 4936 ascensores
1302 4889 1400 4948 ternos
1427 4903 1554 4964 strantes
1582 4913 1714 4980 dimersit
1742 4927 1774 4984 jn

104 4947 194 5006 Obtie
214 4946 392 5004 iherusalem
410 4945 581 5004 izmaracdo
604 4951 633 5004 ct
654 4947 754 5007 saffiro
777 4949 899 5010 iasrica-
951 4952 1041 5013 rubro
1057 4960 1130 5016 mari
1144 4980 1150 5018 :
1165 4964 1273 5038 pelago
1286 4984 1440 5049 cooperuit
1461 5001 1513 5046 eos
1532 4995 1650 5062 dimersi
1666 5013 1776 5074 suntin

67 5036 201 5094 buntur:
214 5040 243 5092 et
259 5035 375 5109 lapides
390 5036 510 5108 pretiosi
524 5051 629 5093 omnes
643 5036 724 5093 muri
739 5038 790 5096 tui.
952 5044 1138 5116 protundum
1152 5055 1297 5127 tanquam
1308 5060 1399 5136 lapis.

102 5128 214 5182 Turres
235 5123 419 5180 iherusalem
446 5124 573 5194 gemmis
596 5123 844 5184 edificabuntur:
870 5132 899 5185 et
987 5133 1469 5220 Dexteratuallomineglorificaia
1482 5170 1680 5241 estinvirtutc
1694 5190 1778 5252 :dex-

69 5211 308 5288 propugnacula
323 5211 387 5268 cius
403 5228 477 5269 auro
489 5213 615 5272 mundo.
953 5224 1016 5319 teru
1031 5237 1140 5280 manus
1153 5231 1200 5327 tue
1213 5234 1512 5324 confregitinimicos,
1529 5265 1556 5318 et
1571 5279 1624 5336 pre
1649 5277 1780 5342 multitu-

105 5303 208 5360 Platce
222 5300 559 5358 therusalemcauticnm
572 5301 660 5359 letitie
673 5303 776 5362 dicunt
787 5323 793 5365 :
804 5309 834 5364 et
846 5322 901 5380 per
954 5307 1024 5366 dine
1038 5319 1212 5383 magestatis
1233 5323 1282 5378 tua
1303 5335 1475 5398 conteruisti
1491 5347 1688 5423 adversarios.
1762 5373 1763 5376 ’

69 5406 177 5450 omncs
188 5391 272 5447 vicos
286 5391 350 5447 eius
363 5387 489 5447 Alleluia
509 5391 685 5449 cantabitur.
989 5397 1089 5455 ltisisti
1101 5399 1177 5460 iram
1187 5408 1279 5478 tuam,
1296 5419 1324 5472 et
1338 5427 1468 5489 comedit
1490 5451 1542 5497 eos
1564 5447 1780 5525 tamquamsti·

102 5479 283 5540 Benedictus
292 5479 438 5536 Dominus
452 5477 506 5552 qui
520 5479 713 5549 sadiatteet
723 5482 900 5542 benedictus
955 5485 1059 5562 polam
1069 5502 1075 5542 :
1085 5491 1113 5544 et
1123 5504 1175 5566 pre
1186 5493 1292 5574 spiritu
1304 5503 1365 5566 irae

1527 3400 1775 3471 ctustuusmani·

1504 3661 1622 3726 surum
1637 3672 1729 3736 iacies
1744 3687 1773 3741 et

1368 5515 1458 5577 undis
1473 5525 1520 5583 tue
1530 5529 1627 5597 divisa
1637 5549 1781 5625 estaqua.

198 5568 321 5627 Parnon.
340 5567 490 5634 LXXXVI·
1554 5625 1588 5680 28
