4117 6175
248 257 302 315 443
888 234 1117 321 nasuanqtr
1137 234 1334 295 enumera.
1900 230 1948 287 cst

231 381 323 451 ,seris
333 378 408 437 mihi
422 380 456 437 ut
468 376 636 449 relinquam
650 377 689 445 te,
703 371 851 431 etabeam
865 364 1112 443 :quocumquerl
1129 376 1189 435 qua
1201 361 1243 417 ad
1253 376 1422 419 messorum
1432 360 1521 429 latus,
1530 360 1558 417 et
1571 352 1718 427 congessit
1728 350 1880 427 polentam
1890 354 1944 410 sibi

249 469 422 543 perrexeris,
436 480 562 541 pergam
582 479 589 520 ε
611 467 641 520 et
657 460 710 518 ubi
724 463 841 517 morata
860 458 960 523 tueris,
979 458 1007 510 et
1019 467 1074 525 ego
1130 448 1325 521 comeditque,
1337 451 1367 507 et
1380 450 1513 504 saturata
1527 448 1580 512 est,
1588 448 1616 501 et
1624 441 1688 499 tulit
1698 440 1850 515 reliquias.
1859 444 1948 513 Atque

250 558 357 631 pariter
363 550 648 625 morabor.Populus
654 554 722 607 tuus
730 548 856 623 populus
863 542 1075 612 meus,etDeus
1129 526 1198 593 iude
1213 537 1348 603 surrexit,
1361 540 1391 593 ut
1400 536 1498 609 spicas
1512 551 1548 590 ex
1554 548 1637 589 more
1645 530 1804 600 colligeret.
1814 529 1950 603 Praecepit

249 650 319 703 tuus
337 649 366 702 et
378 645 457 701 Deus
472 657 568 699 meus.
581 642 652 707 Quae
662 642 690 695 te
703 636 878 694 morientem
890 639 1076 691 terrasusce-
1129 630 1231 683 autem
1244 628 1318 682 Booz
1329 624 1428 698 pueris
1437 624 1508 691 suis,
1520 622 1623 679 dicens
1636 638 1645 676 s
1661 618 1756 677 Etiam
1767 618 1791 675 si
1799 618 1949 675 vobiscum

248 734 332 809 perit,
347 733 380 789 ia
391 747 427 789 ea
440 730 553 788 moriar
568 745 575 783 ε
591 727 692 800 ibique
704 726 805 783 locum
814 722 961 795 accipiam
976 719 1074 793 sepul·
1129 719 1239 771 metere
1259 714 1347 787 256
1363 712 1497 779 voluerit,
1518 727 1556 768 ne
1575 708 1759 784 prohibeatis
1775 723 1843 763 eam
1856 708 1950 763 :etde

249 826 331 881 ture.
342 824 409 877 llaec
419 819 493 876 mihi
508 817 599 875 faciat
619 816 708 883 Deus,
723 818 750 870 et
770 814 834 869 haeo
853 811 955 877 addat,
977 810 1002 865 si
1013 823 1076 864 non
1129 802 1233 859 vestris
1245 817 1367 875 quoque
1382 800 1544 873 manipulis
1557 796 1692 873 proJicite
1707 797 1744 853 de
1758 794 1913 861 industria,
1925 800 1951 851 et

247 910 311 967 sola
324 924 407 965 mors
422 922 471 963 me
480 910 509 964 et
520 911 546 962 te
557 902 749 978 separaverit.
760 901 946 972 Vidensergo
959 896 1074 963 Noemi,
1129 905 1284 947 remanere
1298 890 1465 963 permittite,
1479 892 1511 945 ut
1528 887 1642 959 absque
1655 884 1763 941 rubore
1779 883 1909 955 colligat,
1926 888 1952 939 et

247 999 331 1073 quod
343 998 494 1054 obstinato
507 996 585 1053 Ruth
594 994 696 1052 auimo
706 991 885 1049 decrevisset
893 1004 996 1046 secum
1007 1002 1075 1059 per·
1130 976 1318 1049 colligentem
1337 993 1427 1035 nemo
1447 976 1596 1049 corripiat.
1612 973 1734 1045 Collegit
1752 987 1824 1042 ergo
1838 972 1869 1027 in
1883 986 1951 1041 agro

248 1100 328 1158 gara,
345 1083 497 1142 adversari
508 1082 613 1149 noluit,
631 1096 687 1139 nae
709 1080 788 1137 ultra
802 1078 842 1135 ad
856 1093 928 1134 suos
945 1074 1076 1133 raditum
1130 1066 1274 1140 usquead
1284 1081 1456 1141 vesperum:
1469 1069 1571 1138 etqua
1582 1060 1827 1133 colligeratvlrga
1839 1059 1952 1116 cadem
2041 1088 2042 1093 κ

247 1173 428 1247 persuadere
437 1170 653 1245 :profectaeque
661 1173 732 1227 sunt
741 1167 840 1235 simul,
852 1173 880 1224 st
892 1165 1076 1224 venerantia
1131 1155 1325 1227 etexcutiens,
1335 1152 1560 1211 invenithordei
1568 1150 1654 1225 quasi
1661 1150 1729 1224 ephi
1737 1148 1953 1213 mensuram,id

246 1261 430 1321 Bethlehem.
452 1258 568 1327 Quibus
583 1258 691 1314 urbem
716 1255 869 1327 ingressis,
890 1253 978 1311 velox
993 1250 1076 1325 apud
1130 1248 1184 1311 est,
1201 1248 1259 1299 tres
1280 1244 1417 1300 modios:
1433 1257 1509 1315 quos
1525 1244 1648 1313 portans
1658 1252 1779 1296 reversa
1793 1241 1837 1295 est
1847 1237 1878 1293 in
1888 1236 1953 1292 civi·

247 1353 371 1407 cuncta
383 1348 466 1405 tama
478 1344 669 1419 percrebuit:
689 1343 889 1415 dicebantque
906 1340 1072 1399 mulieres:
1129 1335 1232 1401 retem,
1250 1336 1278 1388 et
1292 1330 1422 1388 ostendit
1437 1328 1629 1386 socruisue:
1651 1326 1776 1398 insuper
1787 1323 1955 1398 protulit'et

247 1439 315 1495 lime
337 1440 383 1492 est
405 1434 457 1491 illa
471 1432 586 1491 Noemi.
607 1430 719 1497 Quibus
738 1430 800 1487 ait.-
830 1432 870 1485 Ne
892 1428 1004 1485 vocetis
1026 1442 1075 1483 ma
1129 1418 1212 1476 dedit
1226 1412 1957 1499 eireliquiascibisui,quosaturatalueratdlixit-

245 1524 350 1582 Noemi
365 1523 409 1591 (id
422 1526 476 1589 est,
489 1521 659 1594 pulchram)
680 1518 734 1575 sed
747 1522 853 1575 vocate
868 1533 917 1575 ma
931 1520 1011 1575 uam
1030 1515 1075 1589 (id
1128 1520 1185 1578 que
1199 1506 1226 1563 ei
1236 1520 1340 1562 socrus
1359 1520 1414 1561 sua
1429 1504 1504 1561 :Ubi
1518 1502 1609 1561 hodie
1628 1502 1782 1573 collegisti,
1809 1507 1838 1559 at
1852 1501 1904 1557 ubi
1917 1500 1956 1557 fe·

246 1616 301 1681 est,
314 1618 462 1681 amaram)
482 1610 554 1682 quia
564 1607 654 1666 valde
674 1605 876 1664 amaritudine
889 1604 1015 1677 replevit
1024 1619 1074 1660 ma
1129 1594 1194 1651 cisti
1208 1594 1311 1667 opusl
1326 1593 1363 1650 sit
1371 1591 1545 1650 benedictus
1559 1591 1611 1664 qui
1622 1590 1759 1647 misertus
1765 1592 1808 1647 est
1816 1590 1870 1646 tui.
1880 1588 1958 1645 indi-

246 1680 451 1771 0mnipotens.
461 1693 771 1767 Egressasumplena,
782 1697 948 1750 etvacuam
959 1690 1111 1761 reducitg
1130 1680 1719 1756 cavitqueeiapudquemessetoperata:
1729 1677 1960 1735 etnomendixit

240 1768 1075 1854 'mebomiauacurigiturvocatismanoemi.quamhu
1128 1768 1195 1837 Vii'is
1209 1769 1292 1843 quod
1315 1772 1388 1826 [3⁰⁰²
1405 1771 1571 1825 V⁰⁰³P⁰l¹1l·
1590 1768 1642 1825 Cui
1654 1764 1807 1838 ¹⁸0⁸l>ondit
1826 1764 1956 1821 Noefflit
2041 1762 2042 1829 ἶ

246 1866 1075 1941 miliavitllominus,etaltlixitOmnipotenslVenitergo
1130 1858 1304 1915 Benedictus
1319 1856 1358 1914 sit
1372 1872 1390 1914 a
1404 1856 1552 1914 Domino:
1574 1854 1716 1927 quoniam
1731 1851 1872 1911 eamdem
1890 1867 1955 1922 gra-
2041 1938 2042 1943 η

246 1955 1075 2029 boemicumauuuouaatttdenurusuaaecorrupere-
1128 1944 1213 2013 tram,
1228 1960 1321 2018 quam
1335 1944 1504 2019 prebuerat
1523 1942 1609 2009 vivis,
1634 1940 1805 1998 servavisse
1819 1940 1953 2005 mortuis.

246 2048 507 2119 grinationissuoe:
518 2042 1075 2117 aereaersaestinBethlehem,qnando
1129 2036 1303 2107 Rursusque
1316 2033 1524 2107 :Propinquus
1537 2036 1637 2089 noster
1651 2034 1695 2087 esi
1712 2029 1815 2086 homo.
1831 2031 1865 2085 El
1879 2028 1952 2085 Ruth
2041 2056 2042 2095 3

239 2130 1075 2207 primumhordeametebantur.(cap.u.)uratautemviro
1129 2120 1188 2179 hoo
1202 2137 1333 2196 quoque,
1344 2121 1451 2195 inquit,
1461 2121 1603 2194 praecepit
1612 2118 1696 2187 mihi,
1713 2122 1745 2175 ut
1756 2117 1873 2175 tamdiu
1881 2132 1954 2173 mes·
2041 2114 2042 2193 l

240 2211 403 2279 'Elimeleoh
415 2216 767 2289 consanguineas,homo
778 2224 895 2289 petens,
911 2220 940 2273 et
950 2231 1075 2288 magna·
1130 2210 1246 2267 senibus
1262 2211 1326 2281 ejus
1334 2211 1484 2281 Jungeraq
1500 2209 1597 2266 donee
1613 2222 1718 2265 omnes
1737 2210 1853 2277 segetes
1869 2209 1953 2263 mete·
2041 2246 2042 2295 ἕ

245 2324 314 2366 rum
328 2306 516 2376 facultatum,
532 2302 655 2362 nomine
666 2302 755 2363 Booz.
765 2303 900 2377 Dixitque
908 2303 987 2360 Ruth
996 2306 1075 2361 lloa·
1128 2303 1240 2356 rantur.
1256 2300 1308 2356 Cui
1321 2299 1394 2357 dixit
1403 2314 1506 2356 socrus
1522 2296 1639 2356 :llelius
1650 2300 1703 2367 est,
1714 2296 1777 2353 filia
1787 2296 1839 2365 mi,
1852 2298 1953 2351 uteum
2041 2304 2042 2353 t

244 2396 315 2455 bitis
329 2395 370 2453 ad
387 2409 508 2454 socrum
518 2409 623 2450 suam:
637 2392 666 2450 Si
672 2392 771 2466 jubes,
782 2391 893 2449 vadam
907 2390 1071 2463 inagnum,
1128 2385 1233 2459 puellis
1247 2387 1311 2458 ejus
1327 2401 1415 2443 exeas
1442 2385 1482 2443 ad
1501 2385 1685 2455 metendum,
1702 2400 1739 2442 ue
1762 2384 1794 2441 in
1809 2383 1871 2441 alio
1885 2397 1952 2453 agro

246 2489 275 2543 at
288 2483 427 2555 colligam
443 2482 622 2555 spicasque
633 2480 807 2537 metentium
819 2479 1072 2553 lugerintmanus,
1119 2476 1401 2549 quispiamresistat
1409 2476 1470 2533 tibi.
1481 2476 1740 2547 lunataestigitur
1746 2474 1856 2547 puellis
1865 2476 1951 2531 Boon:
2041 2528 2042 2545 ,

244 2566 1072 2644 ubicumqueclementispatrisfamiliasrepererogratiam.
1128 2568 1154 2621 et
1168 2564 1358 2622 tamdiueum
1369 2565 1412 2621 eis
1422 2563 1659 2629 messuit,donec
1668 2563 1816 2637 hordeaet
1824 2562 1952 2619 triticum

245 2660 298 2717 Cui
321 2658 372 2715 illa
394 2656 550 2729 respondit
565 2674 572 2711 :
590 2654 671 2713 Vade
685 2654 745 2711 iilia
763 2654 815 2710 mi.
831 2653 910 2710 Abiit
932 2654 1033 2726 itaque
1046 2658 1075 2711 at
1126 2650 1157 2709 in
1171 2652 1287 2709 horreis
1295 2652 1593 2723 conderenturtcap.
1606 2652 1848 2724 ru.)Postquam
1858 2655 1951 2709 autem
2041 2658 2042 2721 ζ

244 2745 404 2819 colligebat
413 2744 511 2817 spicas
525 2746 594 2816 post
608 2747 692 2812 terga
702 2740 890 2800 metentium.
900 2740 1072 2799 Acciditau·
1126 2755 1246 2797 reversa
1260 2744 1305 2797 est
1318 2740 1358 2798 ad
1373 2756 1495 2799 socrum
1508 2756 1606 2807 suam,
1622 2739 1736 2799 audivit
1750 2739 1790 2797 ab
1805 2754 1847 2797 ea
1863 2756 1869 2796 :
1888 2737 1951 2795 Filia

244 2837 422 2904 temutagar
433 2830 1009 2895 illehaberethominumhominessooz,
1020 2830 1072 2902 qui
1126 2828 1180 2899 mi,
1191 2842 1326 2900 quaeram
1345 2827 1398 2885 tibi
1412 2828 1558 2903 requiem,
1572 2831 1600 2884 et
1612 2826 1774 2901 providebo
1781 2830 1814 2883 ut
1823 2825 1905 2884 bene
1915 2824 1949 2880 sit

245 2917 716 2991 eratdacognationelilimelech.
731 2920 849 2985 litecee,
864 2916 1074 2989 ipssvaniebat
1126 2914 1190 2971 tibi.
1206 2915 1354 2982 Booziste,
1371 2914 1571 2988 quuspuellis
1584 2916 1615 2972 in
1628 2930 1702 2987 agro
1711 2916 1819 2987 iuncta
1830 2929 1876 2981 es,
1888 2927 1949 2987 pre

243 3009 279 3065 da
296 3007 476 3072 Bethlehem,
491 3005 625 3077 dixitque
639 3003 825 3062 messoribus
845 3024 851 3064 :
870 3005 1107 3096 hominesve-c
1125 3003 1257 3076 pinquus
1272 3007 1437 3071 nosterest,
1449 3005 1540 3061 ethac
1550 3007 1635 3060 nocte
1649 3017 1751 3061 aream
1766 3001 1877 3059 hordei
1888 3016 1951 3059 ren·
2041 3002 2042 3027 ³

240 3094 372 3166 hiscum.
385 3093 665 3164 Quiresponderunt
674 3092 702 3149 ei
716 3108 722 3150 :
735 3091 893 3149 Benedicat
905 3093 959 3150 tibi
972 3093 1071 3152 Domi·
1126 3091 1199 3150 tilat.
1208 3095 1319 3149 Lauare
1328 3093 1427 3161 igitur,
1440 3097 1468 3149 et
1478 3092 1762 3164 ungere,etinduere
1778 3090 1950 3150 cultioribus

243 3181 453 3255 nus.llixitque
464 3183 540 3238 Booz
546 3180 659 3252 juveni,
669 3180 720 3253 qui
730 3180 914 3237 messoribus
925 3186 1070 3254 praerat:
1124 3177 1320 3248 vestimentis,
1336 3195 1371 3236 ac
1382 3179 1530 3236 descende
1544 3179 1575 3236 in
1590 3195 1693 3236 aream
1712 3195 1720 3235 ε
1736 3193 1798 3235 non
1813 3181 1844 3234 te
1861 3177 1952 3234 videat
2041 3183 2042 3256 ζ

245 3267 841 3342 CuJ'usesthaecpuellalCuirespondit:
857 3270 1072 3328 {leecestlloa-
1125 3265 1950 3343 homo,donecesumpotumquafinierittluandoautem
2041 3271 2042 3302 ³

242 3357 321 3421 bitis.
337 3372 406 3431 quas
416 3357 497 3414 venit
510 3371 577 3414 oum
586 3355 701 3422 Noemi,
715 3354 753 3411 de
765 3356 886 3427 regiona
899 3358 1069 3426 lloabitide,
1125 3355 1190 3412 ierit
1203 3354 1244 3412 ad
1253 3353 1474 3423 dormiendum,
1491 3360 1562 3413 nota
1571 3357 1671 3413 locum
1681 3355 1713 3411 in
1725 3370 1786 3430 quo
1799 3354 1928 3411 dormiat
1942 3369 1947 3406 :

244 3450 273 3504 et
286 3447 403 3519 rogavit
412 3449 445 3503 ut
456 3444 555 3519 spicas
567 3443 720 3516 colligaret
731 3449 932 3511 remanentes,
943 3462 1072 3520 sequens
1126 3442 1297 3516 veniesque,
1311 3446 1340 3500 et
1349 3443 1552 3516 discooperies
1563 3444 1951 3516 pallium,quooperietura

243 3549 415 3591 messorum
424 3533 547 3603 vestigia
563 3549 571 3588 ε
587 3531 663 3589 etde
675 3547 765 3590 mane
779 3548 874 3606 usque
885 3549 965 3591 nune
974 3533 1072 3591 statin
1126 3531 1339 3606 partepedum‚
1352 3537 1380 3588 et
1390 3531 1529 3604 proJ'icies
1543 3535 1581 3600 te,
1592 3536 1619 3589 et
1633 3531 1675 3589 ibi
1682 3531 1797 3604 jacebis
1810 3547 1817 3587 ε
1831 3531 1951 3606 ipseau-

244 3635 329 3691 egro,
344 3624 373 3677 et
383 3635 423 3678 ne
430 3620 471 3677 ad
482 3625 672 3679 momentum
682 3620 802 3694 qtuidem
814 3620 1072 3680 domumreversa
1127 3622 1186 3676 tem
1199 3619 1276 3676 dieet
1289 3619 1343 3676 tibi
1357 3619 1431 3694 quid
1444 3635 1532 3692 agere
1552 3619 1675 3678 debeas.
1692 3621 1764 3686 Qum
1776 3619 1930 3692 respondit
1944 3634 1949 3672 :

243 3711 301 3766 est.
319 3707 410 3765 iltuit
428 3709 506 3765 Booz
524 3708 564 3766 ad
576 3710 653 3766 Ruth
667 3725 675 3763 s
691 3708 769 3766 Audi
783 3708 856 3778 lilia,
869 3726 908 3768 ne
922 3709 1017 3768 vadas
1031 3710 1072 3769 ad
1127 3707 1276 3781 Otucquid
1290 3708 1466 3781 praeceperis
1476 3709 1550 3766 mibi
1559 3707 1678 3766 faciam.
1691 3707 1911 3783 Descenditque
1923 3705 1950 3763 lu
2041 3721 2042 3758 t

243 3795 445 3869 colligendum
456 3795 748 3867 inalterumagrum,
761 3813 817 3855 nec
829 3800 953 3856 recedas
965 3799 1072 3857 abhoc
1127 3811 1239 3866 aream,
1250 3794 1474 3861 etlecitomnia,
1485 3811 1552 3870 quae
1561 3796 1616 3853 sibi
1626 3797 1826 3869 imperaverat
1836 3810 1948 3854 socrus.
2041 3825 2042 3836 .

241 3883 309 3942 loco
324 3901 331 3936 :
348 3883 403 3940 sed
412 3883 538 3954 jungere
553 3882 659 3956 puellis
670 3884 756 3956 meis,
768 3890 798 3943 et
811 3886 865 3942 ubi
881 3887 1077 3954 messuerint,
1127 3885 1261 3957 Cumque
1273 3885 1452 3942 comedisset
1461 3887 1547 3955 Booz,
1561 3889 1589 3942 et
1598 3884 1732 3952 bibisset,
1743 3887 1772 3941 et
1782 3883 1881 3942 lactus
1889 3883 1951 3940 luis·
2041 3867 2042 3884 ²

243 3984 377 4043 sequere.
393 3969 531 4029 llandavi
545 3970 626 4027 enim
639 3972 740 4044 pueris
753 3973 838 4044 meis,
864 3977 895 4031 ut
907 3990 998 4032 nemo
1017 3975 1072 4032 tibi
1126 3977 1171 4030 set
1183 3972 1448 4046 hilarior,issetque
1459 3973 1496 4031 ad
1504 3971 1717 4030 dormiendum
1725 3973 1810 4044 juxta
1816 3985 1951 4030 acervum
2041 4009 2042 4038 ,

242 4058 385 4116 molestus
397 4058 434 4115 sit
448 4075 455 4115 :
467 4058 521 4115 sed
535 4058 659 4116 etiamsi
669 4059 786 4129 sitieris,
800 4063 878 4119 vade
888 4062 927 4119 ad
941 4065 1071 4120 sarcinu-
1125 4060 1443 4133 manipulorum,veuit
1453 4061 1640 4128 abscondite,
1651 4061 1951 4134 etdiscoopertoape·

241 4144 300 4216 las,
315 4149 343 4205 et
357 4144 425 4204 bibe
439 4162 547 4220 aquas,
558 4145 596 4204 de
611 4146 722 4220 quibus
737 4153 767 4207 et
782 4150 867 4221 pueri
882 4149 941 4208 mei
951 4149 1069 4208 bibunt.
1125 4147 1214 4205 dibus
1228 4149 1293 4222 ejus
1307 4149 1408 4222 pallio,
1429 4165 1460 4206 se
1479 4151 1613 4222 proiecit.
1628 4151 1661 4206 at
1680 4164 1758 4219 ecce,
1780 4149 1847 4222 jam
1862 4147 1951 4206 noctis
2041 4173 2042 4200 t

242 4234 315 4300 Quae
334 4233 444 4291 cadens
455 4233 487 4290 in
501 4233 608 4292 faciem
624 4240 752 4293 suamet
764 4236 896 4295 adorans
914 4238 974 4295 ait:
989 4239 1070 4295 Unde
1124 4237 1226 4294 media
1240 4238 1358 4312 expavit
1371 4239 1474 4307 homo,
1491 4238 1726 4296 siconturbatus
1739 4244 1782 4294 est
1798 4238 1948 4310 :viditque

241 4319 316 4378 mihi
326 4320 394 4389 hoc,
411 4321 615 4378 utinvenirem
627 4324 756 4395 gratiam
769 4328 837 4382 ante
848 4325 950 4383 oculos
960 4330 1071 4394 tuos,et
1085 4378 1108 4435 D
1125 4325 1280 4381 mulierem
1292 4325 1444 4397 jacentem
1460 4323 1499 4380 ad
1514 4325 1604 4396 pedes
1618 4341 1698 4392 suos,
1716 4329 1744 4382 et
1756 4325 1796 4382 ait
1807 4325 1847 4381 illl
1861 4342 1866 4382 :
1883 4325 1948 4391 Qus

241 4423 333 4467 nosse
345 4423 394 4466 me
403 4408 570 4480 dignareris
580 4411 770 4482 peregrinam
779 4412 1070 4472 mulieremltluiille
1124 4413 1177 4469 es‘l
1193 4411 1412 4483 llterespondit
1428 4415 1587 4485 :Egosum
1603 4411 1798 4469 Ruthaneilla
1814 4417 1866 4469 tua
1881 4432 1886 4471 :
1903 4427 1948 4467 ex·
2041 4439 2042 4466 t

241 4498 397 4571 respondit
412 4517 419 4558 :
435 4497 576 4556 Nuntiata
586 4498 659 4556 mihi
673 4505 742 4557 sunt
756 4503 868 4569 omnia,
882 4519 950 4576 quoe
963 4503 1069 4560 leceris
1122 4500 1222 4574 pande
1230 4499 1346 4572 pallium
1354 4498 1596 4571 superfamulam
1605 4500 1765 4570 tuam,quia
1771 4501 1949 4572 propinquus
2041 4541 2042 4570 2

242 4586 409 4653 socruituoe
421 4590 625 4660 postmortem
638 4587 694 4644 viri
707 4588 751 4646 tui
763 4589 897 4662 :etquod
906 4591 1069 4664 derelique-
1123 4603 1167 4648 es.
1185 4591 1218 4644 lit
1228 4588 1286 4654 ille,
1300 4586 1468 4656 Benedicta,
1489 4586 1595 4660 inquit,
1612 4602 1643 4643 es
1666 4603 1684 4642 a
1698 4586 1827 4642 Domino
1837 4588 1910 4655 filia,
1925 4589 1952 4642 et

241 4674 283 4731 ris
297 4679 436 4748 parentes
450 4678 527 4744 tuos,
537 4680 565 4732 et
579 4679 690 4733 terram
701 4675 802 4749 inqua
816 4681 935 4741 nattes,
947 4683 1068 4736 etvene-
1122 4675 1253 4750 priorem
1268 4674 1502 4732 misericordiam
1514 4675 1675 4747 posteriore
1690 4673 1836 4746 superasti
1855 4693 1861 4732 :
1881 4675 1952 4747 quia
2041 4695 2042 4700 ¹

241 4763 282 4819 ris
296 4764 336 4821 ad
344 4763 502 4839 populum,
519 4779 609 4837 quem
623 4768 692 4822 ante
707 4763 875 4823 nesciebas.
889 4766 1069 4824 Reddattibi
1122 4777 1184 4820 uon
1199 4777 1231 4818 es
1247 4767 1348 4819 secuta
1360 4763 1496 4835 juvenes,
1511 4763 1572 4818 sive
1585 4777 1731 4834 pauperes
1753 4761 1815 4818 sive
1835 4761 1949 4818 divites.
2041 4787 2042 4838 ;

241 4850 380 4908 Dominus
391 4867 447 4924 pro
462 4867 552 4926 opere
567 4855 628 4921 tuo,
645 4852 804 4926 etplenam
813 4852 983 4910 mercedem
992 4854 1068 4910 acci·
1121 4848 1186 4910 Noli
1201 4865 1271 4922 ergo
1290 4854 1432 4918 metuere,
1447 4849 1499 4906 sed
1513 4850 1587 4924 quid
1607 4851 1714 4907 dixeris
1729 4848 1814 4916 mibi,
1841 4849 1949 4906 faciam
2041 4857 2042 4906 t

240 4937 337 5008 pisse
351 4940 477 4997 Domino
493 4955 559 4997 meo
570 4940 630 4997 Deo
642 4941 743 5009 lsrael,
755 4941 793 4998 ad
804 4955 897 5014 quem
910 4941 1028 5009 venisti,
1040 4946 1069 5001 et
1122 4939 1183 4997 tibi.
1202 4939 1260 4997 Scit
1275 4944 1375 4996 autem
1392 4939 1492 4996 omnis
1504 4939 1645 5013 populus,
1660 4939 1713 5013 qui
1735 4939 1850 4997 habitat
1874 4938 1949 4994 iutra
2041 4969 2042 5018 ἦ

239 5024 297 5081 sub
312 5024 398 5096 cujus
413 5026 739 5099 concatenataeque
750 5028 791 5086 ait
806 5030 928 5086 :inveni
939 5031 1068 5103 gratiam
1121 5033 1223 5101 portas
1243 5026 1325 5085 urbis
1337 5043 1421 5094 meas,
1445 5027 1601 5086 mulierem
1616 5031 1644 5085 te
1658 5041 1723 5084 asse
1746 5027 1872 5084 virtutis.
1894 5027 1949 5081 ttae

237 5117 307 5172 ante
321 5112 424 5170 oculos
436 5118 516 5186 tuos,
525 5115 647 5173 domine
656 5120 707 5187 mi,
721 5118 774 5191 qui
784 5119 956 5177 consolatus
968 5135 1066 5188 esme,
1121 5115 1223 5174 abnuo
1232 5115 1500 5190 mepropinquum,
1511 5116 1562 5172 sed
1570 5119 1614 5171 est
1622 5116 1697 5171 alius
1708 5129 1755 5172 me
1763 5113 1948 5187 propinquus
2041 5107 2042 5122 ¹

238 5203 400 5259 allocutus
414 5217 446 5259 es
460 5202 500 5259 ad
515 5203 861 5279 coraucillatuae,ques
876 5207 1067 5264 nonsumsi-
1121 5204 1312 5271 Quiescehae
1332 5208 1434 5261 nocte:
1458 5209 1486 5262 et
1507 5204 1699 5271 laciomaus,
1730 5203 1802 5259 site
1826 5199 1947 5260 voluerit
2041 5231 2042 5270 ,

238 5289 319 5348 milis
330 5290 417 5347 unius
429 5290 599 5363 puellarum
612 5298 744 5350 tuarum.
758 5294 835 5351 Dixit
846 5295 963 5353 adeam
975 5298 1065 5353 Booz:
1121 5292 1425 5365 propinquitatisjure
1438 5291 1588 5358 restiaere,
1598 5292 1675 5348 bene
1687 5287 1946 5348 resectaest:siue
2041 5277 2042 5290 ¹

238 5378 365 5444 Quando
378 5377 454 5436 hora
468 5379 607 5436 vescendi
625 5379 722 5445 fuerit,
739 5382 809 5437 veni
820 5382 889 5447 huc,
901 5388 930 5440 et
943 5384 1068 5440 comede
1122 5384 1222 5437 autem
1231 5379 1278 5435 illa
1292 5379 1430 5446 noluerit,
1439 5395 1510 5452 ergo
1525 5385 1552 5437 te
1561 5380 1675 5454 absque
1689 5379 1750 5436 ulla
1764 5375 1945 5436 dubitatione

238 5470 400 5536 panem,et
413 5467 496 5539 tinge
508 5466 916 5528 buecellamtuaminaceto.
928 5470 1068 5529 Seditita-
1123 5467 1376 5540 suscipiam,vivit
1392 5469 1549 5526 Dominus:
1572 5467 1669 5527 dormi
1678 5465 1946 5543 usquemaneltor·
