4117 6175
141 210 212 275 titt

211 334 343 393 Adsislat
355 332 482 404 miseris,
494 350 530 395 aa
539 336 603 397 sino
618 337 740 399 arimino

210 427 270 483 lios
285 423 339 482 tibi
351 424 443 482 saniei
457 425 586 485 atheran
598 427 629 485 in
642 429 724 488 sede.

282 513 338 580 oni
350 516 459 573 atrnota
471 515 549 586 regis
559 515 679 590 inelyte.

246 604 305 660 Nos
319 602 383 675 ejus
398 602 608 663 meritisiaoito
621 622 779 681 comparas
795 628 805 683 ς

211 692 270 749 lieo
280 705 343 749 non
358 693 550 764 preeuntibus
565 694 682 755 reddito
696 697 814 759 caelibes
835 718 841 757 ι

211 780 252 837 Aa
265 778 351 839 aelus
363 780 484 857 populis
497 783 733 859 uthereparlles,

283 868 464 931 Sanctorum
478 886 599 947 quoque
613 880 777 949 compotes,

210 958 258 1029 Te,
272 957 396 1025 christe,
410 959 559 1019 amabunt
570 962 673 1021 omnia
688 965 820 1037 condita,

193 1045 298 1103 Telluri
308 1047 457 1122 imposita,
472 1049 577 1119 maria,
596 1054 626 1108 et
641 1050 753 1123 abdita,

210 1134 260 1192 Vel
272 1140 380 1194 ounata
393 1136 525 1195 modulis
540 1142 569 1196 et
579 1139 733 1200 reboantia

279 1223 336 1283 Per
349 1230 457 1285 cunata
470 1226 524 1285 tihi
534 1228 653 1289 snaulu.

279 1317 383 1371 Amen.
417 1380 421 1387 .

169 1398 366 1471 snpplicatio.
391 1405 526 1463 Oramus.
555 1405 707 1477 ceoitata.
739 1410 862 1469 [tamine
889 1412 960 1471 iesu

134 1487 258 1555 Christe,
269 1490 332 1563 qui,
345 1492 460 1551 Lauda.
474 1494 601 1567 Diligens
613 1511 693 1555 aum.
710 1498 884 1561 Benedictio.
901 1502 961 1559 uo-

133 1574 338 1635 minutianus
354 1580 496 1649 Christus,
520 1588 553 1641 ni
570 1598 665 1656 snpra
677 1586 709 1645 in
724 1588 859 1659 vesperis
882 1605 960 1663 proe·

133 1664 304 1724 cedentibus

471 1763 529 1818 atti
543 1764 631 1821 iiiiii.

169 1854 197 1898 ιιι
207 1855 290 1900 rrsro
310 1858 523 1907 orooaaauous
538 1865 631 1907 sanan
646 1867 758 1913 ramnes
777 1872 924 1915 snrrrsan.

430 1936 474 1994 Ad
488 1938 654 2011 vesperum.

166 2018 281 2078 Mada.
300 2020 436 2095 Spararit
462 2026 565 2086 anima
592 2043 669 2087 mea.
689 2031 749 2102 sol.
777 2048 849 2091 can.
865 2034 953 2096 Seno.

131 2106 267 2177 Benedia,
283 2110 386 2171 anima
396 2127 475 2181 mea,
492 2114 663 2177 Dominam.
682 2121 864 2191 Antiniana.
881 2125 958 2183 liene

129 2195 282 2253 nunciavi.
293 2197 353 2271 [ol.
377 2216 441 2259 oar.
457 2202 567 2261 Lauda.
584 2206 843 2267 Statuitltominus
864 2227 957 2288 supra

128 2286 247 2357 petram
258 2286 360 2359 pedes.
376 2289 479 2361 Quare
488 2291 542 2362 sol.
553 2307 636 2351 carra

467 2379 613 2453 Hymnus.

268 2465 319 2525 iiio
333 2469 464 2529 ioannes
475 2468 549 2528 mire
558 2473 648 2529 natas

235 2559 275 2618 lla
285 2557 369 2617 senili
381 2556 494 2617 visens

235 2652 309 2706 Ante
318 2647 451 2721 juditam
464 2647 661 2722 prophetans,

236 2738 332 2805 Onam
348 2738 386 2797 sit
396 2737 488 2797 index
499 2737 608 2807 editus,

237 2824 344 2895 Prnllt,
355 2826 518 2895 nascendo,
530 2826 688 2896 Christum,

236 2915 331 2977 proiit
340 2920 369 2973 ol
383 2920 548 2975 mortuum.

272 3003 357 3063 liuns
369 3004 525 3063 thorivlno
539 3004 671 3079 repletus

237 3094 388 3166 Sanguine
399 3091 484 3166 jubet
494 3094 540 3152 rui
556 3113 562 3156 ι

234 3182 332 3249 Quare
347 3186 484 3256 stuprum
496 3183 574 3242 aedit
588 3185 688 3246 audax

233 3269 401 3343 conjugatis
422 3271 557 3330 oriminis

233 3357 291 3416 sed
305 3373 422 3418 oaorem
437 3359 529 3418 sumit
542 3374 687 3420 maenam

232 3446 396 3506 laureatus
409 3446 547 3519 gloriam.

265 3535 317 3592 iiio
327 3535 379 3594 Dei
393 3535 545 3610 praeemit
559 3552 656 3597 unum

229 3625 438 3684 listrensium
462 3626 577 3696 Filium,

230 3713 374 3787 Tempora
383 3727 446 3788 quo
461 3713 692 3790 subsequentem

229 3801 328 3861 Prnoo
340 3818 427 3862 veras
440 3803 536 3877 proeit,

230 3891 331 3950 llortis
340 3895 369 3950 at
380 3891 551 3952 Prmournor
565 3891 629 3969 ipss

228 3980 317 4039 Horis
327 3981 444 4056 primus
454 3979 593 4041 considit.

263 4069 386 4128 Nuntiat
396 4070 651 4144 Redemptloaem,

230 4159 301 4216 iisse
314 4159 461 4218 carinum
473 4157 590 4220 senatis
603 4176 611 4220 t

229 4247 349 4306 Nuntiat
358 4247 446 4304 vitale
461 4261 582 4314 munus,

229 4335 299 4396 lisso
310 4335 459 4396 christum
475 4337 620 4408 mortuis;

228 4425 327 4492 Quare
341 4425 489 4484 Christum
499 4425 620 4498 probra,
635 4425 719 4495 dixit,

229 4511 318 4570 Posse
333 4512 439 4571 mundi
454 4515 564 4571 tollere.

265 4599 411 4674 [cuntur]
419 4603 501 4660 fluns
514 4617 656 4673 rogemus
669 4601 837 4665 abditorum

229 4689 327 4748 Corda
341 4697 449 4749 moesla
463 4695 637 4766 pectorum;

227 4779 263 4835 tit
276 4778 374 4836 soalus
393 4784 527 4840 nostrum
541 4781 665 4855 repellat

229 4867 324 4925 Motus
335 4868 553 4942 indulgentium

229 4954 375 5023 Conferat,
388 4962 417 5014 ei
431 4955 512 5015 donn
524 4957 592 5015 vilae

229 5044 305 5102 cnm
319 5045 444 5118 perenni
455 5045 575 5116 gaudio.

263 5136 368 5191 areant
381 5134 457 5191 iram
474 5133 607 5210 superni,

227 5222 325 5289 Quam
340 5237 496 5296 pavemus,
516 5223 646 5296 ludiais;

228 5309 375 5370 Provocat
387 5312 478 5371 Patris
493 5312 669 5390 benignam,

226 5401 324 5468 Quam
338 5401 467 5472 sitimus,
482 5403 609 5474 gratiam
624 5423 632 5475 ;

124 5513 128 5520 ·
227 5490 322 5550 ilonat
333 5494 363 5550 ot
374 5491 489 5552 ouantia
502 5493 623 5552 matam

651 212 894 276 stuatosum.
914 250 948 265 -
968 216 1081 277 essm
1098 212 1335 282 semitatus.

979 342 1002 401 A
1122 348 1275 407 Possiders
1293 348 1434 423 patriam.

1160 440 1237 495 laus
1248 438 1303 496 tibi
1317 454 1373 512 per
1383 454 1473 497 omne
1484 443 1614 514 tempus,

1125 526 1252 586 Trinitas
1265 527 1441 585 indifferens
1456 544 1464 595 ;

1126 617 1214 686 Laus,
1228 614 1336 684 honor,
1350 617 1505 693 rirmsqua
1528 634 1657 691 summa

1129 704 1295 775 Singularis
1304 706 1411 778 gloria,

1125 795 1195 859 oasa
1208 797 1237 852 ta
1246 794 1341 852 Deum
1355 796 1535 854 annulorum

1011 906 1015 915 ·
1126 879 1306 941 Parsonetin
1321 884 1442 951 aueum,
1536 920 1540 928 ι

1159 991 1264 1047 Amen.

1052 1102 1252 1174 Snppticotio.
1273 1107 1397 1163 oremus
1417 1106 1648 1180 redemptorem,
1664 1112 1699 1163 nt
1731 1122 1837 1178 snpra.

1053 1188 1206 1260 capitata.
1219 1193 1345 1251 Domine
1356 1196 1424 1251 iesu
1435 1194 1557 1262 Christe,
1568 1194 1620 1267 qui
1634 1194 1840 1255 beatissimum

1009 1279 1157 1359 ,ioannem
1174 1282 1336 1353 Baptistam
1348 1286 1431 1339 tuum
1442 1287 1683 1355 etmariyrem,et
1692 1288 1751 1341 tute
1761 1284 1839 1342 nall-

1015 1366 1114 1425 vitatis
1129 1371 1158 1425 et
1169 1371 1227 1425 tuta
1243 1370 1347 1426 mortis
1362 1384 1579 1441 praecursorem
1592 1370 1735 1442 dignatus
1751 1388 1784 1429 es
1796 1373 1839 1431 ia·

1015 1469 1082 1512 aare
1097 1458 1148 1513 :ul
1162 1454 1343 1515 laxluminis
1354 1457 1485 1515 veritatis
1495 1457 1609 1515 lamina
1619 1458 1770 1525 ardenset
1780 1464 1840 1516 stu·

1015 1556 1104 1616 prum
1114 1544 1212 1601 verbis
1221 1545 1388 1618 conjugalis
1402 1544 1536 1603 oriminis
1551 1544 1725 1619 prohibens,
1739 1546 1839 1617 gladia

1014 1630 1210 1708 interemptus
1222 1637 1249 1691 te
1259 1634 1416 1695 moriendo
1434 1634 1561 1709 praeiret,
1584 1650 1675 1709 quem
1686 1634 1840 1693 nascendo

1014 1721 1046 1779 in
1060 1736 1150 1779 sarna
1163 1722 1247 1779 maus
1261 1721 1358 1781 luerat
1371 1722 1562 1798 praeessiase
1578 1726 1637 1789 tut,
1652 1738 1745 1795 quem
1767 1739 1841 1781 nun·

1014 1810 1143 1868 alaverat
1156 1812 1421 1885 roae,praedlaaret
1431 1818 1460 1869 et
1470 1813 1616 1884 sanguina
1627 1828 1635 1869 :
1646 1811 1783 1886 dumpro
1792 1828 1838 1883 eo,

1012 1899 1267 1972 quemindeserto
1276 1902 1508 1974 prneonatar,in
1520 1914 1639 1959 eernere
1649 1899 1814 1958 decollatur
1829 1918 1837 1971 ς

1012 1988 1838 2062 obleniuejusdainpronastrotamdignationlsoraou-

1011 2076 1076 2134 lum
1087 2078 1144 2135 :da
1158 2078 1247 2137 etiam
1270 2079 1303 2137 in
1321 2094 1410 2153 opere
1422 2078 1837 2151 iustitimlruotumutrornm·

1009 2166 1550 2241 quemanereolarioreselleeit,slonl
1562 2168 1667 2224 illaesi
1681 2181 1737 2240 pro
1760 2168 1837 2225 veri·

1010 2256 1108 2314 intest
1125 2271 1275 2314 aaroerem
1294 2258 1494 2331 perpessuset
1505 2254 1652 2327 gladium,
1676 2256 1717 2312 iia
1734 2270 1792 2312 nos
1806 2256 1838 2314 ln

1009 2344 1133 2401 veritate
1143 2348 1172 2402 et
1185 2349 1453 2403 oaraeresoeternos
1463 2343 1630 2402 eradamus
1641 2347 1836 2403 atturtarum:

1046 2431 1133 2490 Pater
1144 2438 1253 2490 noster.
1276 2434 1431 2492 liberatis
1445 2434 1536 2491 malo.
1555 2434 1611 2503 sai.
1630 2438 1656 2489 2.

1046 2520 1226 2579 Benedictio.
1241 2521 1375 2579 Christus
1395 2522 1551 2589 Dominus,
1562 2521 1836 2595 quibeatisaimum

1011 2608 1158 2666 ioannem
1174 2610 1280 2667 mortis
1298 2626 1362 2667 sum
1373 2610 1467 2666 voluit
1478 2624 1696 2682 precursorem
1708 2610 1837 2678 effluam,

1009 2701 1169 2773 praemium
1185 2698 1366 2771 sedignelur
1377 2698 1483 2755 vestris
1496 2698 1631 2770 praeibas
1653 2698 1839 2756 demonstra·

1009 2806 1063 2856 re;
1079 2801 1113 2861 ιι.
1129 2790 1270 2846 amantii
1284 2788 1336 2861 qai
1349 2786 1434 2844 illum
1447 2783 1644 2860 parmisiipro
1654 2788 1778 2844 veritate
1787 2788 1837 2845 de·

1010 2878 1112 2935 collari
1127 2878 1157 2935 in
1169 2876 1363 2949 earcere‚ipse
1376 2892 1431 2934 vos
1442 2874 1604 2933 inveritate
1619 2875 1683 2933 sina
1696 2874 1758 2933 line
1767 2889 1838 2933 aon·

1010 2971 1107 3024 servet
1121 2983 1127 3022 :
1143 2978 1176 3038 tp.
1187 2970 1292 3025 Arnen.
1308 2967 1344 3024 iit
1356 2965 1431 3022 siant
1442 2963 1490 3022 ille
1503 2962 1661 3021 moriendo
1670 2979 1838 3037 praeurens

1009 3054 1157 3115 laolusast
1169 3055 1326 3113 Dominicis
1341 3054 1456 3122 mortis,
1467 3053 1510 3112 ila
1521 3069 1576 3111 ros
1602 3052 1689 3111 beate
1702 3053 1835 3115 meando

1009 3161 1154 3219 sequaces
1170 3145 1233 3202 sitis
1244 3144 1324 3201 unioi
1337 3142 1597 3216 Redemptoriene.
1612 3145 1715 3199 Amen.

1044 3234 1101 3290 Per
1113 3233 1349 3291 misericordiam
1363 3233 1458 3305 ipsius
1472 3231 1522 3287 uei
1536 3231 1642 3297 nostri,
1659 3235 1713 3287 etc.

1042 3323 1153 3379 Lenda
1170 3321 1296 3391 Diligam
1305 3334 1416 3376 eumer
1428 3322 1489 3377 toto
1504 3317 1593 3375 carde
1604 3334 1683 3384 meo,
1698 3318 1769 3376 dieii
1782 3320 1837 3376 lto-

1006 3410 1119 3468 minus.
1140 3409 1173 3464 P.
1186 3408 1286 3467 litorii
1304 3408 1381 3464 siout
1406 3421 1458 3464 ros
1471 3403 1569 3472 lsrael,
1592 3404 1771 3477 germinabit
1797 3407 1836 3463 ei·

1005 3502 1057 3562 out
1066 3497 1171 3563 lilium,
1182 3501 1210 3556 et
1225 3495 1345 3555 florebit
1360 3516 1367 3556 ι
1384 3495 1519 3562 Alleluia,
1543 3493 1720 3556 alleluiati.
1735 3495 1836 3554 litorii

1004 3592 1162 3661 tamquam
1175 3585 1302 3656 lignum,
1322 3583 1406 3658 quod
1431 3583 1601 3657 plantatam
1620 3587 1667 3640 est
1686 3583 1836 3642 seausde·

1003 3691 1109 3736 eamus
1124 3672 1370 3748 aquarum,quod
1381 3672 1514 3729 leuatum
1528 3687 1617 3730 suum
1631 3670 1833 3731 dabitiniem-

1003 3779 1076 3838 pore
1091 3778 1157 3821 suo.
1168 3762 1204 3822 Ρ.
1219 3764 1253 3819 at
1273 3761 1327 3818 erit
1339 3759 1416 3818 siout
1427 3775 1491 3818 ros.
1505 3759 1540 3822 i.
1557 3758 1666 3830 Gloria,
1679 3763 1709 3818 et
1721 3759 1830 3825 honor,

1003 3852 1092 3910 Patri.
1107 3850 1336 3912 autoritatem
1352 3863 1416 3908 ros.
1706 3903 1710 3911 .

1039 3941 1241 3998 Gentianam
1254 3938 1352 4007 iilius,
1364 3937 1418 4011 qul
1429 3951 1517 3996 araas
1530 3941 1582 3996 tua
1595 3941 1625 3995 et
1648 3937 1776 3996 anatem
1786 3951 1831 3995 re-

1002 4027 1091 4102 gibus
1102 4028 1209 4094 donas,
1223 4031 1252 4087 et
1263 4027 1392 4085 humiles
1404 4031 1472 4084 tuos
1485 4025 1685 4084 adulatoriam
1712 4041 1834 4100 semper

1003 4117 1339 4190 armas3tempora5am
1362 4115 1485 4174 tandem
1505 4115 1694 4174 miseriarum
1713 4118 1832 4173 nostra·

1002 4222 1071 4266 rum
1094 4220 1246 4266 arumnas
1261 4222 1267 4260 :
1280 4221 1326 4272 ae,
1348 4220 1386 4262 ne
1400 4203 1502 4278 gladio
1513 4201 1647 4274 maligno
1665 4206 1777 4260 nostra
1791 4201 1834 4291 le:

1002 4297 1118 4354 riantur
1139 4296 1277 4361 oervloes,
1294 4294 1418 4359 obtentu
1444 4291 1565 4363 gloriosi
1580 4291 1773 4366 precursoris
1788 4293 1833 4348 tut

964 4363 1127 4444 Dloannis
1147 4383 1285 4457 Baptistae
1299 4382 1397 4454 gladia
1410 4379 1545 4439 rerbiiul
1560 4396 1618 4438 nos
1633 4380 1753 4438 reddito
1768 4378 1830 4438 aill-

1003 4488 1099 4532 oaaes.
1115 4484 1150 4544 ιι.
1169 4472 1274 4530 Amen.

1039 4561 1095 4618 Per
1108 4560 1345 4618 misericordiam
1360 4562 1456 4631 luam,
1470 4563 1547 4620 Deus
1562 4562 1674 4624 noster,
1691 4561 1749 4616 eta.

1040 4649 1184 4708 Dominus
1198 4648 1235 4705 ait
1248 4662 1377 4722 semper.
1389 4659 1424 4720 ιι.
1439 4649 1474 4708 lii
1487 4663 1567 4708 aum.

1285 4762 1337 4820 ild
1353 4763 1546 4822 Matutinnm.

1039 4871 1218 4944 Antiniana.
1230 4869 1322 4930 Labia
1332 4865 1680 4941 mao,Domine,aperies,
1690 4865 1829 4926 Psalnrna

1003 4978 1030 5019 a.
1055 4962 1169 5020 oratio.
1194 4960 1340 5033 llxultant,
1371 4960 1506 5025 marine,
1525 4955 1618 5014 labia.
1641 4955 1745 5022 Qum
1767 4955 1825 5025 fai.

1002 5067 1100 5110 etur.

1038 5140 1222 5211 antiphona.
1241 5143 1331 5210 Dens,
1354 5138 1407 5213 qui
1418 5137 1474 5196 das
1498 5135 1624 5194 salutem
1640 5134 1782 5208 regibus:
1795 5138 1827 5193 P.

1002 5228 1110 5288 Libera
1122 5244 1170 5286 mo
1183 5229 1222 5286 de
1231 5229 1333 5302 gladio
1341 5228 1486 5300 maligno,
1496 5229 1526 5283 et
1538 5225 1577 5284 de
1588 5240 1684 5285 mann
1696 5225 1828 5283 tiliorum

1002 5318 1181 5377 alienorum.
1191 5318 1224 5380 i·
1234 5319 1321 5392 liripe
1331 5333 1378 5375 me
1390 5315 1516 5375 Domim
1526 5315 1567 5374 ab
1580 5315 1702 5373 homins
1723 5313 1804 5372 malo
1817 5329 1825 5372 t

1002 5407 1101 5466 avire
1111 5406 1217 5480 iniquo
1228 5406 1325 5465 libera
1336 5421 1393 5464 ma.
1409 5405 1442 5463 P.
1466 5405 1573 5464 Libera
1587 5419 1646 5462 ma.
1658 5403 1690 5464 i.
1716 5401 1826 5469 Gloria,

1001 5501 1033 5558 et
1043 5495 1143 5558 honor
1154 5495 1247 5559 Patri.
1264 5497 1297 5556 P.
1312 5495 1416 5555 libera
1424 5509 1485 5555 ms.
