4117 6175
245 319 294 375 aet
873 311 1101 376 nartianula
1121 311 1316 381 Gotatctltt.

245 449 299 503 ter
313 448 452 504 sanctum
467 445 565 503 111111
578 447 735 504 multitudo
748 446 876 504 iubilant
1087 441 1111 495 Α
1125 441 1222 496 nexus
1236 438 1376 496 dissolbit
1388 438 1565 497 famulorum
1579 435 1672 492 libere

283 534 329 591 Ad
344 534 466 592 laudam
479 535 539 593 illic
554 536 633 608 regis
646 541 790 594 resonant
803 549 918 606 organa
1125 527 1296 601 llancipans
1311 527 1427 586 Cbristo
1440 541 1518 600 quos
1531 527 1597 598 jure
1609 522 1788 597 possideret;

248 622 449 698 Fraglantque
460 625 559 698 campi
585 626 674 682 variis
689 625 833 682 odoribus
1160 619 1225 674 ltox
1245 633 1277 674 11
1290 617 1433 675 devotum
1446 615 1588 673 exbibens
1604 612 1750 670 Altissimo

248 712 363 769 Emicat
371 712 462 784 jubar
473 713 588 788 absque
599 714 665 770 ullis
681 712 841 770 umbribus
1126 703 1261 778 Reliquid
1270 711 1380 764 cuncta
1399 704 1505 762 mimdi
1516 701 1686 760 transitoria

248 797 398 858 Serenitas
415 800 457 858 ibi
475 807 518 858 est
532 801 649 874 absque
664 801 772 859 nubilo
1126 793 1227 851 adesit
1238 799 1337 851 mente
1352 793 1462 851 divinis
1475 791 1629 865 obsequiis

248 888 283 944 lit
294 890 508 962 sempiternum
527 889 630 947 lumen
641 889 683 946 ibi
693 895 737 946 est
747 891 834 945 Deus.
1127 882 1251 942 Student
1260 883 1390 958 [Studet]
1404 883 1526 956 implere
1537 880 1632 938 indita
1646 878 1766 936 oracula

285 978 379 1044 Quam
394 994 507 1052 magna
520 978 676 1036 multitudo
686 983 729 1035 est
748 977 914 1035 dulcedinis
1041 969 1043 974 ’
1126 973 1235 1029 Porum
1250 973 1360 1045 spernit
1373 978 1401 1029 et
1411 979 1560 1029 secretum
1575 969 1686 1042 appetit

248 1066 307 1120 Tne
322 1067 399 1122 Deus
410 1063 503 1139 quam
519 1073 546 1123 te
562 1067 735 1124 timentibus
746 1067 826 1125 celas
1162 1062 1236 1119 iiuic
1250 1062 1371 1119 caterba
1383 1061 1507 1118 aderent
1517 1059 1710 1128 credentium,

177 1212 182 1235 ,
248 1154 283 1211 at
296 1152 442 1226 perfecisti
455 1155 579 1212 tevalde
593 1155 783 1228 diligentibus
1127 1149 1258 1207 Perferre
1270 1150 1388 1222 pondus
1403 1149 1567 1222 nequibens
1582 1145 1708 1204 martirii

249 1241 440 1316 Domumque
453 1244 547 1314 gratie
562 1249 612 1301 tue
627 1245 795 1318 petentibus
1128 1241 1202 1298 Cum
1214 1239 1325 1313 quibus
1339 1239 1416 1295 idem
1428 1238 1459 1294 in
1470 1240 1625 1310 Campano
1637 1235 1721 1292 litore

247 1328 349 1387 Donas
361 1334 391 1387 11
402 1331 619 1401 indulgentiam
633 1330 766 1405 piissime
1128 1327 1319 1385 cenobialem
1330 1328 1423 1384 vitam
1440 1331 1520 1398 geret
1536 1324 1663 1396 digniter

279 1421 335 1475 zoe
344 1418 433 1476 beata
445 1425 589 1491 mutaque
599 1433 792 1491 permansera
1126 1416 1187 1473 Deo
1197 1433 1229 1472 se
1245 1415 1335 1474 simul
1353 1416 1452 1473 cuncti
1468 1419 1600 1472 mactant
1617 1412 1724 1470 hostia.

248 1503 298 1562 Bis
307 1505 398 1562 tamis
412 1507 505 1562 cernit
514 1507 655 1578 angelum
669 1506 721 1563 Dei
1162 1504 1374 1562 Romulecrum
1390 1504 1539 1576 Principes
1552 1500 1689 1572 sacrilegi

249 1593 370 1650 Librum
381 1594 527 1651 tancrede
541 1610 603 1668 quo
616 1594 710 1651 rerba
722 1592 847 1668 protulit
1127 1593 1234 1652 ttdbec
1244 1593 1386 1651 commoti
1401 1593 1522 1664 gravius
1533 1590 1706 1648 deserviunt

252 1681 420 1739 sabastiani
435 1696 537 1738 coram
550 1683 612 1738 suis
627 1682 742 1740 visibus
1126 1681 1161 1739 Et
1175 1697 1311 1738 exarsere
1326 1680 1484 1753 furoreque
1497 1679 1599 1736 ravido

248 1769 384 1827 Clamore
396 1768 480 1826 vocis
494 1771 686 1828 Conditorem
700 1770 820 1831 invocat
1092 1785 1112 1840 Β
1126 1773 1158 1827 11
1172 1769 1378 1844 persequendo
1388 1768 1493 1826 Christi
1507 1771 1596 1824 testes
1608 1766 1681 1823 fidei

282 1857 391 1914 Beatus
401 1861 445 1913 est
459 1859 583 1914 credens
597 1860 654 1915 tuis
668 1860 858 1917 sermonibus
1127 1857 1269 1915 Libauten
1279 1872 1400 1932 quoque
1412 1856 1470 1913 diis
1485 1855 1598 1914 nollent
1612 1853 1693 1910 exibi
1709 1871 1716 1908 :

250 1945 427 2002 Sebastiane
441 1962 551 2018 magne
565 1951 595 2004 et
607 1947 753 2006 mirabilis
1160 1950 1241 2004 Tunc
1253 1947 1335 2019 Papa
1348 1946 1429 2003 urbis
1446 1949 1609 2002 convocato
1623 1943 1744 2014 agmine

248 2032 327 2090 Dixit
335 2033 400 2104 jam
414 2033 503 2091 credo
514 2038 607 2092 Deum
626 2037 675 2091 Dei
689 2035 794 2092 Piliam
1124 2034 1342 2094 catholicorum
1358 2051 1460 2092 secum
1472 2035 1693 2092 remanentium

249 2121 403 2194 Quemque
416 2138 517 2179 meum
529 2123 635 2196 pandit
652 2141 688 2181 os
701 2124 840 2180 velociter
1126 2125 1278 2193 Quosdam
1294 2123 1408 2181 axilios
1424 2122 1505 2197 [illis]
1522 2124 1675 2179 consecrat
1689 2117 1860 2192 presbiteros

248 2211 285 2266 tlt
295 2207 415 2266 laudem
428 2211 511 2269 illum
525 2213 556 2268 in
567 2227 698 2285 superna
709 2213 806 2286 patria
1127 2213 1279 2282 Quosdam
1293 2213 1421 2269 honorat
1435 2212 1542 2269 decore
1555 2209 1682 2266 Levitico

286 2298 347 2363 Qua
361 2314 419 2356 vox
432 2304 530 2372 potest
544 2299 649 2357 laudes
659 2307 725 2359 tuas
739 2301 818 2357 Deus
831 2299 912 2374 loqui
1126 2304 1244 2360 Ceteros
1256 2316 1362 2358 omnes
1373 2299 1442 2357 iecit
1453 2300 1664 2357 subdiacones.

249 2387 313 2451 011
328 2388 459 2457 cogitare
474 2403 559 2444 mens
572 2387 649 2445 valet
658 2390 822 2461 1111111111
1163 2389 1332 2450 sabastiani
1349 2389 1480 2446 auctoris
1495 2388 1594 2446 studio

246 2475 308 2531 'luo
322 2474 425 2548 repleti
437 2475 572 2533 martires
587 2493 657 2534 mox
670 2477 825 2535 flammine
1127 2478 1268 2538 Omnium
1282 2477 1392 2535 borum
1407 2481 1524 2535 armata
1540 2475 1690 2534 confessio

247 2560 295 2619 ad
311 2564 484 2634 passionem
495 2569 657 2638 properant
671 2566 795 2624 interriti
1125 2565 1172 2624 ad
1190 2566 1363 2641 passionem
1376 2565 1492 2640 prosilit
1504 2564 1654 2637 intrepida

249 2649 324 2709 [1111
337 2650 474 2710 fruantur
488 2668 608 2711 summo
620 2658 648 2711 et
659 2653 741 2711 bono
752 2656 812 2713 Deo
1127 2659 1201 2714 Nam
1214 2659 1270 2712 Zoe
1280 2657 1385 2713 victrix
1397 2655 1495 2730 prima
1507 2653 1575 2712 vicit
1587 2651 1738 2710 dimicans

283 2743 322 2800 Te
335 2742 499 2815 adjuvante
514 2743 645 2800 martires
660 2743 755 2801 effecti
766 2748 834 2803 sunt
1129 2745 1201 2802 ilinc
1212 2743 1432 2818 tranquillinus
1444 2740 1565 2800 triunfat
1579 2740 1694 2799 felicius
1711 2757 1718 2795 :

250 2835 303 2889 Per
315 2846 437 2888 serrum
447 2835 532 2889 tuum
544 2833 630 2905 pium
642 2840 671 2888 et
684 2835 908 2892 sanctissimum
1161 2833 1274 2891 Deinde
1288 2833 1377 2891 simul
1391 2832 1531 2890 Claudius
1541 2831 1724 2887 Nicostratus

249 2918 460 2978 Sebastianum
471 2920 597 2976 militem
609 2922 801 2978 fortissimum
1128 2922 1241 2987 Castor,
1255 2921 1412 2994 Victorque
1429 2935 1488 2978 una
1502 2936 1572 2977 oum
1584 2915 1756 2990 simpronio

250 2993 545 3080 Perqnos‘rogamus
556 3008 671 3065 flebiles
682 3013 714 3066 ut
728 3011 835 3067 audias
1127 3013 1217 3070 Sacra
1236 3015 1394 3085 querentes
1408 3024 1535 3083 corpora
1547 3023 1600 3082 per
1615 3007 1704 3063 litora

246 3098 368 3153 Nostrae
379 3109 485 3169 preces
499 3112 655 3170 noxasque
665 3113 771 3155 omnes
790 3106 928 3174 amputes
1090 3126 1111 3183 c
1128 3100 1232 3158 Subito
1248 3099 1327 3173 capti
1342 3097 1382 3158 ab
1393 3096 1603 3155 insidiantibus

282 3182 373 3240 Adest
386 3182 451 3239 dies
464 3190 618 3258 percomta
630 3185 757 3243 summis
778 3188 897 3259 gaudiis
1129 3188 1197 3248 Salo
1211 3188 1343 3246 immersi
1356 3204 1411 3263 pro
1425 3186 1538 3244 Christo
1552 3182 1677 3258 peremti
1696 3186 1775 3239 sunt.

247 3272 310 3339 011
323 3271 495 3330 decoratam
506 3272 663 3331 mmbrum
677 3273 809 3332 vicmriis
1162 3281 1231 3336 Post
1243 3279 1301 3335 boc
1313 3276 1393 3335 beati
1406 3275 1559 3351 preliaotis
1574 3272 1709 3347 pulcrius

246 3358 328 3435 [xcv]
342 3360 455 3433 Excipit
474 3367 579 3419 sancia
593 3362 704 3419 debota
715 3363 842 3422 ccclesia
1127 3367 1264 3426 Gaetulus
1275 3371 1397 3426 sanutus
1411 3380 1466 3423 nee
1482 3362 1545 3421 'non
1558 3368 1586 3421 et
1597 3362 1751 3419 Tiburtius

248 3448 293 3507 Db
302 3447 361 3505 boc
375 3448 553 3506 decenterin
568 3449 673 3507 laudes
687 3451 823 3510 altissimi
1127 3458 1275 3531 Superant
1286 3455 1380 3527 ignes,
1396 3459 1600 3525 tortorumque
1616 3451 1764 3508 verbera:

245 3536 398 3609 menum
412 3552 587 3611 promamus
606 3539 744 3597 cantibus
758 3541 931 3599 armonicis.
1126 3548 1203 3603 ltnse
1217 3544 1365 3617 prostrati,
1382 3543 1513 3614 migrant
1527 3541 1566 3597 ad
1582 3539 1715 3611 celestia,

281 3624 334 3680 llic
347 3624 390 3681 vir
404 3625 528 3684 inluster
539 3628 650 3685 meritis
663 3645 698 3687 nc
709 3628 852 3687 verbibus
1125 3634 1229 3704 Regno
1240 3632 1344 3689 adsciti
1362 3647 1432 3688 cum
1448 3631 1536 3687 turba
1551 3628 1698 3701 angelica.

246 3709 291 3768 ab
304 3710 452 3770 idolorum
466 3715 576 3773 ultibus
597 3716 706 3789 [Forte
719 3718 864 3793 cultibus]
877 3718 998 3778 nefariis
1160 3722 1251 3793 igitur
1264 3720 1347 3778 temti
1360 3735 1398 3777 ex
1408 3719 1480 3776 hinc
1491 3716 1669 3778 nobilissimi

245 3798 348 3858 Plebes
360 3804 503 3861 convertit
514 3804 623 3863 divitus
633 3806 765 3863 conculis
1124 3809 1240 3869 Gemini
1255 3808 1360 3867 fratres
1376 3812 1420 3865 set
1434 3808 1486 3865 uni
1498 3804 1646 3865 vocabulo

246 3887 379 3947 Cultores
392 3890 490 3950 reddit
502 3893 574 3951 tidei
589 3894 733 3953 catholice
1124 3899 1267 3971 Figuntur
1281 3897 1363 3969 ligno
1377 3896 1479 3954 ferreis
1491 3894 1602 3953 aculeis

245 3976 281 4035 at
294 3981 443 4037 amatores
455 3980 584 4040 fervidos
600 3984 735 4041 martirii.
1125 3987 1321 4045 Stimulantur
1334 3986 1437 4059 planta
1452 3984 1561 4058 pedum
1574 3981 1711 4038 clavibus
1728 3998 1734 4037 :

280 4068 398 4126 Promto
409 4085 547 4129 carorum
565 4072 690 4129 fratrum
703 4078 813 4131 nutans
826 4074 963 4133 animum
1123 4076 1262 4133 retentes
1275 4075 1421 4132 Christum
1434 4072 1539 4130 lancea
1553 4070 1711 4128 transfossi
1729 4071 1800 4126 sunt

244 4152 343 4212 sustu
355 4156 457 4215 firmat
466 4157 579 4215 salubri
591 4160 740 4217 ortamine
1161 4164 1210 4222 llis
1226 4165 1365 4221 universo
1377 4161 1503 4219 laureati
1520 4159 1678 4230 sanguine.

244 4244 404 4303 Parentum
416 4262 537 4321 quoque
550 4249 774 4321 coniugumque
785 4247 926 4307 subolum
1124 4252 1254 4311 ttutitnm
1269 4250 1353 4307 sidus
1367 4249 1548 4321 lucernaque
1558 4246 1673 4318 fulgida

243 4331 348 4404 adque
361 4348 500 4391 carorum
510 4334 662 4391 infidelem
676 4336 813 4392 animum
1124 4339 1180 4397 Diu
1194 4341 1286 4397 latere
1305 4338 1474 4395 nullatenus
1487 4335 1584 4409 potuit

242 4419 323 4476 Pidei
337 4424 439 4477 sancte
453 4423 638 4496 mancipabit
650 4423 752 4480 cultui.
1086 4468 1108 4525 D
1125 4426 1293 4488 sabastiani
1308 4424 1409 4483 incbta
1422 4425 1573 4499 presentia

278 4508 351 4565 ilinc
364 4508 552 4582 principante
567 4512 700 4585 plebium
720 4513 903 4571 momatium
1124 4519 1240 4576 ortator
1254 4516 1367 4589 quique
1379 4513 1494 4571 cunctis
1512 4512 1567 4569 tuit
1580 4516 1731 4569 strenuus.

242 4595 442 4655 Nicostratum
455 4597 502 4657 vel
515 4600 673 4657 Claudium
688 4599 735 4657 vel
746 4601 897 4659 castulum
1158 4606 1209 4664 llic
1223 4604 1400 4663 callidorum
1413 4607 1579 4660 conventus
1590 4599 1707 4659 insidiis

242 4686 362 4744 Necnon
375 4691 404 4744 et
418 4687 475 4745 Zoe
488 4688 578 4747 simul
592 4695 621 4747 et
634 4692 801 4749 castorium
1123 4692 1414 4765 tenebraesunt
1429 4690 1645 4765 imperterritus

241 4771 363 4831 adletas
372 4774 441 4831 fecit
453 4775 558 4835 christi
570 4778 620 4836 Dei
635 4777 732 4835 tilium
1123 4786 1155 4841 at
1168 4782 1333 4839 sciscitatur
1347 4779 1474 4837 numina
1488 4794 1541 4836 cur
1556 4777 1724 4835 temneret?

243 4862 329 4929 Quod
343 4863 533 4923 incuntanter
548 4868 712 4941 perferrent
729 4868 906 4926 martirium.
1123 4871 1271 4929 christum
1285 4872 1459 4927 cunctanter
1473 4866 1628 4925 laudando
1638 4864 1798 4923 confessus
1809 4864 1852 4919 est

278 4950 335 5017 oui
351 4949 487 5011 innobati
504 4954 630 5015 salutari
646 4955 769 5014 labacro
1123 4960 1192 5017 iisse
1208 4975 1277 5015 rum
1288 4961 1372 5015 Patra
1382 4960 1475 5013 Deum
1492 4954 1721 5029 sempiterniter.

242 5038 340 5112 Signis
351 5048 512 5101 coruscant
526 5044 684 5104 virtutibus
693 5046 829 5104 eminant
1159 5047 1249 5105 liuius
1264 5046 1306 5104 ad
1316 5060 1423 5103 vocem
1433 5044 1535 5101 furens
1551 5043 1641 5100 iudex
1653 5041 1765 5116 impius

242 5128 318 5185 Nam
330 5130 495 5203 quemdam
505 5131 622 5207 lapsum
635 5135 785 5208 quassatis
806 5135 866 5193 iam
881 5134 1068 5193 membribus
1122 5135 1211 5194 lubet
1222 5135 1251 5191 ia
1264 5150 1373 5207 campo
1385 5132 1467 5190 bunc
1483 5132 1585 5203 sagitis
1600 5130 1678 5188 insui

241 5218 399 5275 Restaurat
410 5235 502 5277 orans
520 5221 597 5280 illico
611 5223 759 5280 tiburtius
1123 5226 1188 5291 ouo
1204 5222 1315 5297 [Quod]
1335 5237 1430 5294 genus
1446 5237 1521 5293 [tene
1535 5221 1605 5278 baie
1622 5219 1660 5277 ad
1670 5218 1798 5275 exitium

242 5308 306 5375 Qua
318 5323 387 5365 cum
403 5315 541 5382 parentes
555 5312 670 5369 Christo
685 5329 796 5371 111111
811 5315 925 5373 obtulit.
1122 5315 1232 5371 Putans
1246 5312 1389 5385 prodesse
1401 5308 1457 5366 sibi
1470 5310 1510 5366 ad
1524 5308 1690 5365 vindicium

277 5396 331 5455 ilio
344 5396 391 5455 vir
404 5398 528 5456 inluster
545 5400 649 5457 merito
665 5403 833 5460 cromatius
1122 5406 1233 5457 amens
1250 5398 1399 5473 relinquid
1410 5399 1512 5473 ipsum
1524 5397 1604 5454 velut
1618 5399 1773 5453 mortuum
1788 5410 1795 5449 :

244 5485 352 5559 spreto
362 5487 487 5559 profano
500 5487 581 5545 cultu
597 5487 731 5546 idolatrie
1158 5486 1244 5546 aulo
1255 5487 1362 5545 beatus
1377 5486 1480 5545 dolore
1493 5485 1653 5543 conteritur

287 5573 421 5632 aderens
437 5579 518 5635 11111
532 5575 720 5651 disciplinati
1124 5580 1198 5637 Cum
1216 5581 1382 5636 armaretur
1396 5574 1506 5634 divinis
1521 5572 1678 5633 virtuabus
