4117 6175
266 222 336 283 1¹23
885 200 1113 273 suotradidit
1132 212 1329 276 uolutanti.

265 346 334 403 dats
354 358 425 402 eum
444 342 476 399 in
497 340 621 399 excelsis
646 338 782 403 Alleluia.
805 338 934 399 annua.
949 338 1130 399 Psatrnnst

265 448 380 491 cxnvrrr.

300 520 471 591 Propterea.
488 522 549 590 ligo
561 520 690 577 ioannes
699 518 741 577 lul
753 518 784 576 ln
792 518 910 593 spiritu,
922 520 952 576 st
960 518 1090 577 ostendit

264 609 349 667 mibi.
364 610 418 681 sot.
435 612 501 666 tet.

301 696 448 769 Hymnus.
464 696 564 767 range
577 695 682 767 lingua
695 696 830 767 glenosi.

300 787 494 857 buppltsntio.
502 786 630 843 Oramus
642 785 870 859 Redemptorsm
881 782 983 843 mundi
992 783 1091 841 Domi·

263 888 348 931 num.
362 876 467 944 Quare
481 874 514 929 in
530 874 663 944 Vespero
673 874 917 945 preosdcsttbns.

298 962 447 1036 neptem.
460 962 610 1021 ineffabile
621 962 755 1029 satlsest,
768 963 902 1031 Domine,
914 966 1091 1037 mysterium

263 1052 446 1117 cruciatum,
462 1067 524 1125 quo
541 1055 571 1108 et
589 1050 692 1108 mortis
713 1056 891 1124 perenm
903 1066 1046 1121 evacuas,
1065 1040 1094 1108 et

263 1141 486 1198 resurrectionis
495 1140 561 1198 luae
573 1154 714 1197 coruscas
729 1140 1092 1213 3Daergonoblsetlnltlar

261 1232 291 1287 st
300 1228 515 1303 perlectionem
532 1234 643 1287 sanate
654 1230 772 1287 virtutis
787 1246 795 1285 r
808 1236 852 1298 ut,
862 1230 937 1287 dum
950 1220 1095 1302 praedice'

263 1332 331 1375 mus
341 1317 469 1389 gloriam
486 1317 595 1383 crucis,
619 1317 659 1373 ad
672 1317 832 1390 premium
845 1332 1015 1375 mereamur
1025 1332 1092 1391 per·

261 1406 375 1477 liugero
384 1405 628 1463 immortalitatis.

299 1495 387 1551 Pater
401 1496 511 1557 nmter.
528 1491 654 1549 liberati
668 1508 687 1551 a
699 1492 789 1551 male.
801 1492 875 1563 solio
884 1497 911 1549 t.

298 1582 414 1639 Lauda
428 1580 572 1637 Dominus
582 1583 665 1637 iesus
681 1581 823 1638 Christus.

297 1668 478 1727 Benedictio.
495 1668 630 1725 Christus
647 1669 697 1726 Dei
704 1668 806 1727 Filius.
822 1670 928 1740 meere
939 1668 973 1729 irs
988 1670 1127 1747 γῆμε-Β

261 1758 304 1815 sis
316 1756 562 1829 praecedentibus.

608 1846 666 1903 DlD
686 1848 738 1904 llll.

314 1950 343 1991 nr
361 1950 526 2005 ennarrans
547 1948 667 2001 maran,
695 1952 729 1992 er
747 1950 853 2005 ranan,
874 1952 1034 1995 sturmus.

298 2023 402 2081 Omnis
425 2026 569 2082 dicentur
600 2026 800 2096 plurimorum
822 2026 1005 2100 Martyrum.
1030 2026 1087 2098 sol.

262 2125 345 2177 oens,
361 2118 484 2183 eccepto
497 2114 630 2184 Dymno,
641 2112 694 2189 put
702 2120 744 2172 est
752 2116 807 2173 iste
820 2114 961 2173 :Sacrum
969 2120 1088 2191 tempus

258 2198 293 2257 ln
306 2199 434 2269 edente,
445 2200 521 2271 sotto
534 2216 580 2259 rrr.

480 2289 666 2367 ΜΕΤΑ
700 2290 862 2367 sunu.

594 2406 651 2461 Dlll
671 2402 752 2461 llllll.

327 2508 361 2555 tn
386 2506 565 2550 rssrrvrrarr
584 2509 680 2551 saron
699 2508 808 2559 aprum
828 2510 862 2551 nr
879 2494 1011 2552 serrula.

557 2582 604 2640 td
622 2582 789 2653 ternarum.

297 2670 476 2741 insipiens.
497 2672 638 2729 llxortum
653 2676 698 2729 est
723 2670 754 2730 in
769 2671 911 2731 tenebris.
923 2672 982 2750 sot.
1001 2686 1084 2731 caxn.

297 2760 387 2818 Seno.
396 2758 529 2818 Alleluia.
545 2760 691 2819 iudicium
703 2760 863 2822 detumeat
875 2760 1001 2819 Sanctis.
1010 2760 1043 2818 P.
1052 2764 1085 2822 ln

260 2848 337 2905 hora
351 2848 489 2906 eacrlllcll
501 2848 668 2921 vespertini.
684 2848 816 2919 Alleluia,
833 2849 959 2907 alleluia.
971 2850 1001 2913 lt.
1012 2852 1085 2910 nece

261 2935 382 2992 ltiohael
392 2952 470 2992 unus
485 2937 651 3015 principum
670 2937 805 3009 priorum
817 2938 922 3007 veniet,
936 2943 969 2995 ut
978 2939 1085 3005 saneti-

261 3022 388 3077 lleentur
406 3022 500 3078 multi.
514 3024 548 3077 P.
564 3027 595 3077 ln
609 3024 695 3079 hora.
1099 3020 1124 3088 C

297 3107 442 3164 Dominus
457 3109 502 3166 sit.
514 3119 547 3180 n.
560 3111 593 3166 Et
604 3125 684 3166 cum.

299 3195 472 3268 Antiphone.
482 3197 665 3256 Desiderium
675 3197 791 3258 bonum
803 3199 893 3272 justis
905 3199 1037 3261 dabltur.
1050 3203 1082 3260 P.

261 3287 295 3344 nt
308 3283 556 3358 mullergratlosa
569 3287 699 3345 inveniet
717 3287 853 3360 gloriam.
869 3289 900 3352 lt.
920 3289 995 3348 tusu
1011 3306 1083 3349 vero

259 3375 421 3433 hereditate
432 3372 630 3450 possidebunt
642 3381 750 3435 terram
765 3394 771 3434 :
784 3382 813 3435 et
824 3377 1037 3444 inhabitabunt
1051 3381 1082 3438 ln

260 3463 402 3522 seculum
414 3465 515 3524 seculi
526 3481 614 3542 snper
628 3481 700 3525 eam.
717 3467 749 3524 P.
764 3467 920 3525 litmuller.
930 3467 961 3530 l.
973 3467 1081 3556 Gloria,

259 3553 402 3612 ethonor.
421 3553 453 3608 P.
470 3555 631 3613 Etmuller.

294 3643 436 3698 Dominus
451 3643 490 3700 eit
504 3659 629 3717 semper.
649 3655 681 3718 n.
693 3647 727 3702 nt
745 3659 824 3703 oum.

291 3726 405 3786 Lauda.
424 3729 607 3787 Desiderium
618 3731 768 3805 justorum
792 3747 882 3790 omna
901 3731 1017 3792 bonum
1034 3735 1080 3790 est

255 3813 434 3886 Alleluiaffl.
453 3817 487 3874 Et
496 3818 604 3876 mulier
611 3835 733 3878 servans
740 3821 1001 3896 semitaslustltlce,
1012 3822 1079 3887 vias

255 3907 427 3960 sanctorum
449 3905 631 3964 custodiens.
646 3907 780 3982 Alleluia,
804 3909 931 3968 allelula.
946 3907 1078 3972 malus

254 3995 356 4048 antem
365 3992 515 4065 iustorum
530 3998 702 4055 abomino:
719 4001 747 4056 ct
758 4003 907 4073 protector
918 4013 1021 4056 eorum
1033 4001 1079 4056 est

253 4079 434 4156 intempore
452 4081 661 4144 tribulationis.
680 4087 711 4142 Ρ.
733 4087 770 4144 nt
783 4086 900 4146 muller.
914 4085 950 4154 i.
967 4086 1075 4152 Gloria,

162 4189 163 4196 ¹
252 4169 399 4229 ethonor.
415 4173 447 4229 Ρ.
466 4175 500 4230 Et
513 4174 630 4232 mulier.

593 4263 738 4334 Hymnus.

358 4347 538 4408 Hierusalem
554 4350 692 4422 gloriosa,

323 4435 412 4494 llaler
422 4452 483 4495 una
494 4439 665 4513 llartyrum.

321 4523 390 4582 Sors
401 4524 492 4584 beata
500 4533 569 4601 post
579 4526 710 4602 uberes,

321 4614 373 4670 lus
382 4613 468 4689 pium
482 4621 552 4688 post
562 4616 706 4688 turbines,

321 4703 393 4770 ouen
411 4708 533 4764 tuorum
547 4703 616 4763 loeta
631 4719 723 4764 eursu

321 4793 466 4852 Promtior
479 4793 646 4862 adtollsrls3

354 4875 445 4946 Terga
457 4875 581 4944 luctam,
592 4889 680 4933 sums
694 4876 847 4951 plausum,

317 4961 418 5019 Pande
432 4969 551 5036 portum
563 4965 679 5022 civibus
695 4984 702 5024 :

320 5049 430 5122 Dreipa
442 5067 521 5123 qnos
535 5053 703 5113 metuebas

317 5136 387 5194 Post
399 5139 567 5213 triumphos
581 5141 685 5210 letior,

317 5228 351 5282 ln
370 5227 482 5300 quibus
495 5231 599 5287 victrix
612 5231 749 5303 resultas,

317 5315 466 5373 Dedecus
481 5317 620 5377 vietoriss.

213 5431 216 5440 =
350 5403 469 5482 [amau]
482 5407 631 5467 Adrianus
641 5425 710 5468 enm
725 5409 814 5470 beata

251 5509 254 5518 ’
316 5492 586 5569 mutassetis,

1090 4317 1114 4372 D

1216 344 1369 403 Ferculum
1383 346 1493 419 duplex
1510 346 1634 419 amoris,

1216 432 1291 490 Unio
1302 434 1500 504 charismatis,

1215 523 1319 579 liunus
1331 523 1464 594 igneum,
1476 525 1588 597 pignus
1598 523 1724 595 almum,

1215 609 1325 668 Goelibe
1334 611 1522 670 connubium
1534 630 1541 666 ε

1251 700 1313 758 lloe
1326 700 1376 758 dle
1387 702 1442 758 tlbl
1452 700 1586 759 (limatas

1217 788 1292 848 Vota
1305 790 1502 863 mandentia,

1215 879 1359 937 ilunlbus
1372 880 1413 937 ad
1425 884 1455 937 ts
1465 882 1640 938 mannent!

1218 968 1292 1025 ilias
1302 974 1427 1027 osanna
1440 969 1581 1039 laricem,

1219 1059 1297 1114 Dant
1308 1059 1368 1116 Deo
1379 1058 1461 1116 dona
1471 1058 1605 1117 vicissim

1219 1147 1394 1221 coniugalis
1405 1149 1519 1219 gratiae

1260 1236 1355 1293 Enitar
1374 1236 1575 1311 lllesuprsmo

1220 1325 1373 1384 Passionis
1383 1326 1522 1400 stigmate
1534 1346 1541 1397 ;

1217 1412 1284 1470 llas
1296 1415 1354 1489 ples
1368 1416 1588 1489 compassionis

1217 1504 1370 1563 Destineto
1383 1520 1508 1563 munere
1522 1526 1530 1563 r

1216 1593 1327 1650 Cunus
1340 1598 1385 1651 ast
1399 1594 1536 1652 diversus
1546 1593 1614 1661 illis,

1215 1681 1296 1749 Sors,
1312 1686 1341 1739 et
1354 1698 1415 1741 una
1427 1683 1535 1756 gloria.

1250 1771 1302 1828 llic
1313 1771 1383 1832 viris
1397 1788 1450 1847 pro
1465 1786 1520 1847 spa
1536 1786 1668 1852 superna

1216 1859 1376 1932 conligatis
1389 1860 1525 1928 miscitur
1538 1878 1547 1931 ;

1214 1946 1358 2006 Aduolarl
1369 1965 1438 2008 cum
1452 1953 1547 2009 Deatls

1215 2037 1340 2113 Semper
1351 2043 1435 2120 optat
1446 2038 1525 2097 illico
1541 2058 1548 2098 :

1214 2127 1346 2201 illacque
1359 2128 1459 2186 vaccis
1471 2128 1621 2207 inligatur,

1213 2215 1346 2291 liuloque
1358 2232 1462 2275 rursus
1474 2218 1610 2282 traditur.

1249 2307 1329 2363 Uxor
1340 2306 1422 2376 hune
1436 2306 1537 2373 visura
1550 2322 1677 2381 surgens

1212 2394 1334 2452 Pereitls
1349 2396 1571 2474 congressibus,

1211 2485 1349 2543 Carceres
1362 2484 1425 2543 adlt
1436 2490 1577 2557 remotos,

1211 2575 1315 2631 Castra
1328 2574 1423 2632 cernit
1434 2578 1616 2651 Martyrum

1211 2662 1330 2721 Osculat
1343 2662 1443 2724 vincla
1456 2663 1555 2731 beata,

1211 2750 1278 2809 nort
1291 2750 1355 2810 slro
1366 2754 1577 2811 constantiam.

1246 2840 1352 2899 suadit
1361 2844 1463 2914 utpote
1477 2842 1626 2902 Palaestrre

1212 2928 1276 2991 tim
1290 2945 1383 2987 sacrae
1395 2929 1570 2998 certaminis
1581 2947 1589 2998 ;

1210 3019 1313 3080 Suadit
1325 3018 1396 3077 binc
1405 3018 1555 3095 promissa
1569 3018 1645 3094 eoell,

1211 3109 1315 3166 suadit
1327 3113 1356 3166 et
1370 3109 1437 3183 plus
1445 3109 1592 3184 perpetim

1210 3198 1300 3265 Voce,
1316 3203 1386 3256 voto
1398 3203 1427 3255 et
1440 3200 1608 3272 impetrate,

1210 3285 1337 3347 llunerls
1351 3285 1504 3352 instantia.

1245 3374 1429 3448 Liberhujus
1444 3379 1570 3434 evocatu

1209 3463 1342 3520 vinculis
1356 3463 1527 3522 oarnallbns

1208 3552 1351 3619 Creditur,
1367 3556 1563 3620 exenteratur,

1207 3641 1338 3699 lienibus
1352 3640 1548 3712 dlstenditur;

1206 3729 1241 3784 Et
1250 3728 1363 3801 pedum
1373 3745 1520 3804 oompage
1530 3733 1653 3787 truncus

1205 3817 1335 3891 Corpore
1348 3816 1531 3874 dissolvitur.

1240 3904 1336 3962 Chare
1348 3904 1639 3980 huiutlnmmls

1204 3995 1282 4052 llota
1295 3993 1406 4066 conjux
1420 3994 1538 4067 osculis,

1202 4081 1307 4153 Surge,
1320 4081 1403 4152 dlxlt,
1416 4097 1493 4155 pone
1508 4083 1655 4161 dextram,

1203 4172 1300 4238 Quam
1311 4172 1438 4230 recisam
1449 4173 1570 4246 conjugi

1202 4259 1258 4316 Des
1270 4259 1344 4318 mibi
1352 4261 1463 4334 pignus
1476 4261 1599 4330 amoris,

1201 4349 1257 4406 Des
1270 4349 1378 4422 stipem
1392 4349 1569 4408 dulcedinis.

1235 4437 1286 4494 llis
1298 4453 1424 4496 manum
1438 4439 1535 4497 libeas
1548 4439 1684 4506 tetendit,

1198 4527 1295 4593 Quam
1308 4527 1406 4584 recisit
1417 4527 1550 4585 carnifex
1564 4547 1573 4589 r

1198 4617 1256 4672 lise
1268 4629 1355 4674 mora
1368 4631 1440 4674 mox
1453 4617 1531 4675 inter
1542 4619 1609 4691 ipsa

1198 4705 1346 4763 Dneoatus
1358 4707 1493 4776 vulnera,

1198 4793 1362 4867 conjugem
1373 4794 1443 4852 dote
1456 4796 1591 4856 secunda

1197 4882 1358 4954 Sanguinis
1368 4881 1532 4954 bereditat3

1232 4973 1305 5038 oua
1319 4971 1395 5030 saarl
1404 4971 1517 5031 laboris
1530 4989 1618 5032 usum

1195 5059 1364 5133 Prorogsns
1382 5061 1574 5136 certantibus,

1194 5150 1344 5223 Quicquid
1358 5155 1406 5208 ast
1422 5150 1551 5225 poensle,
1564 5151 1684 5211 substrd

1195 5238 1279 5296 ltolla
1292 5239 1394 5297 tritum
1407 5239 1507 5298 debile
1522 5257 1530 5297 τ

1193 5325 1373 5396 Dromonet,
1386 5328 1480 5402 lubet,
1493 5328 1635 5407 levemus

1192 5413 1385 5477 hosooatrls
1397 5419 1511 5492 glories.

1229 5506 1372 5566 Cerneres
1388 5508 1473 5568 sers
1484 5509 1580 5568 rubas
