4117 6175
105 227 175 309 l'sia
635 220 878 312 saucioaii't.
899 217 1284 314 -ia'iilbtiiauaais
1732 235 1799 320 tals

209 375 308 446 Salus,
322 375 429 442 honor,
441 367 536 435 virtus
546 366 679 455 quoque,
941 373 967 430 Α
1019 373 1131 434 Oratio.
1145 378 1231 446 Dans,
1245 379 1298 452 qui
1327 393 1437 466 panem
1466 377 1533 438 coeli
1554 357 1622 437 iiliis
1644 361 1804 442 hominum

209 465 251 522 Sit
262 470 292 520 et
310 460 501 523 benedictio:
981 463 1097 530 tribuis,
1107 461 1317 542 terrenumque
1328 463 1438 524 animal
1458 469 1637 540 Angelorum
1652 471 1742 546 adipe
1756 489 1805 530 aa·

209 548 384 609 Procedenti
398 552 438 611 ab
464 560 591 630 atroque
981 545 1039 610 tias
1049 571 1056 620 ;
1068 551 1328 614 frumentationem
1339 555 1469 612 verbitui
1479 552 1565 614 nobis
1578 554 1608 615 in
1619 555 1804 621 abundantia

210 642 391 715 comparsit
409 641 554 701 laudatio.
981 634 1078 696 tribue
1094 653 1205 715 :eoque
1214 659 1270 700 nos
1287 641 1434 716 spirituali
1444 643 1532 702 retice
1543 645 1621 714 cibo,
1635 665 1693 721 qno
1702 645 1804 708 Patres

247 736 354 789 amen.
980 730 1100 784 nostros
1113 727 1212 789 aluisti
1226 731 1378 790 ineremo.
1398 743 1431 804 p.
1460 737 1568 795 Amen.

138 818 331 891 snpplicatio.
348 818 568 894 Dremuspium,
584 816 820 878 alexandibilem
828 814 928 876 Domi·
1016 817 1070 872 Per
1085 815 1319 877 misericordiam
1343 822 1422 879 tuam
1440 811 1517 878 Deus
1532 822 1640 892 noster,
1657 829 1713 884 etc.

100 922 175 964 num
187 915 326 966 nostrum
338 909 439 966 tasum
452 907 610 976 Christum,
622 925 690 966 cum
706 907 788 965 omni
814 902 927 981 suppli·
1015 903 1343 977 caclatascaelata
1360 912 1461 967 vinnm
1471 911 1553 986 quod
1575 911 1679 972 miscui
1705 915 1800 974 vobis.

102 998 218 1054 catione
230 1013 390 1070 rogemns;
404 996 437 1054 ut
451 994 546 1070 gratia
558 994 706 1071 Corporis,
723 998 751 1056 et
764 995 926 1069 Sanguinis
979 971 1012 1048 ii.
1028 993 1225 1069 Derelinquite
1237 991 1449 1071 insipientiam,
1461 1003 1490 1056 et
1502 997 1625 1072 vivetis;
1639 1009 1667 1062 et
1679 995 1802 1087 quaerite

99 1085 298 1156 ipsiusnobis
313 1085 521 1143 remissionem
549 1091 750 1153 peccalorum,
766 1089 794 1142 et
819 1078 925 1158 pacem
980 1083 1181 1154 prudentiam.
1210 1091 1241 1144 ut
1263 1087 1294 1144 in
1314 1093 1459 1144 aeternum
1484 1085 1622 1162 regnetis.
1638 1087 1669 1156 t.
1692 1090 1802 1152 Panem

100 1173 191 1229 nobis
207 1173 319 1231 donare
334 1173 481 1246 dignetur.
496 1186 527 1245 a.
544 1175 654 1232 Prasta
667 1173 927 1248 AEternaomnipo-
979 1171 1164 1243 Angelorum
1176 1173 1370 1232 manducavit
1384 1175 1485 1244 homo,
1498 1195 1586 1237 omne
1606 1176 1804 1241 delectamen-

100 1267 168 1320 tens
183 1263 272 1320 Deus.
979 1263 1043 1317 tum
1059 1261 1088 1317 in
1098 1279 1129 1317 se
1139 1259 1310 1320 habentem.
1325 1267 1363 1322 P.
1387 1260 1596 1342 Deretinquite.
1610 1265 1642 1330 i.
1655 1269 1763 1345 Gloria,
1774 1277 1804 1332 et

136 1351 225 1426 llyrie
237 1352 357 1410 eleison.
371 1363 403 1424 lp.
420 1345 508 1426 ii'yrie
522 1351 645 1411 eleison.
672 1353 784 1412 Christe
802 1352 924 1412 eleison.
976 1350 1085 1408 honor.
1101 1346 1135 1405 P.
1154 1349 1361 1425 Derelinquite.

138 1441 488 1515 Gapitato.0mnipotens
498 1447 684 1500 immenseat
700 1438 924 1502 llisericorsDo
1015 1435 1127 1496 Oratio.
1144 1435 1218 1496 Pars
1230 1437 1400 1498 hereditatis
1414 1445 1536 1512 nostra,
1551 1443 1685 1516 Domine,
1707 1437 1803 1510 intua

99 1531 193 1600 mine,
206 1545 297 1605 qoem
320 1537 380 1586 noa
406 1531 513 1587 totiens
538 1528 721 1604 deliquebdo
749 1535 925 1603 exasperant
978 1527 1115 1584 consistit
1132 1527 1316 1586 aeternitate:
1334 1527 1416 1587 Unde
1442 1542 1601 1606 precamur
1620 1539 1646 1591 te
1665 1531 1801 1606 Domine,

100 1617 536 1692 peccatores‚opponelroetuaa
548 1619 924 1692 misericordiamtatquo·
977 1611 1385 1689 pietatesolitahareditatem
1406 1624 1663 1690 tuamconserra;
1693 1626 1802 1684 etcali·

100 1707 212 1763 tlenste
224 1705 564 1779 provocamnsutterias,
581 1707 746 1765 totienstibi
758 1706 809 1765 tua
828 1709 960 1782 pietasss
977 1720 1041 1762 cem
1054 1720 1147 1762 coena
1163 1703 1291 1776 Domini,
1306 1722 1396 1780 quem
1412 1707 1519 1780 potasti
1534 1726 1589 1784 pro
1612 1729 1657 1785 ea,
1684 1731 1803 1788 semper

96 1792 284 1864 interveniat,
300 1793 478 1866 utignoscas
496 1791 578 1854 Setia
593 1797 757 1871 nosltaqoe
773 1812 850 1871 pane
863 1800 921 1854 aa·
977 1786 1004 1850 ei
1020 1810 1074 1866 pro
1085 1793 1217 1850 remedio
1229 1803 1337 1867 praesta
1354 1813 1360 1852 :
1378 1795 1492 1854 ntsicut
1506 1798 1720 1878 redemptionis
1730 1819 1803 1876 proe·
1867 1799 1871 1806 ’

96 1883 367 1956 gelorum,ate1'ns
382 1890 520 1957 percepta
537 1883 719 1952 fonticolae,
743 1889 771 1943 et
797 1883 922 1956 maligni
976 1882 1058 1940 clara
1073 1885 1143 1938 sunt
1157 1897 1293 1952 munera,
1304 1883 1346 1940 ita
1365 1883 1569 1960 Redemptoris
1586 1889 1624 1946 sit
1639 1891 1803 1966 adquisitio

97 1971 238 2028 callidam
249 1973 409 2029 versutiam
425 1971 631 2041 devincemus,
648 1977 676 2029 et
688 1973 843 2041 patefactis
855 1971 923 2030 cmii
977 1968 1097 2040 copiosa
1113 1971 1245 2044 :quique
1257 1970 1403 2045 redempti
1415 1991 1517 2032 sumas
1531 1981 1690 2052 oruoetua,
1704 1979 1800 2040 simus

95 2058 508 2134 Jannlsadaundemclbnm,
519 2061 919 2134 teadjnranteialroeamus.
976 2059 1121 2132 perpetim
1138 2059 1285 2118 hereditas
1303 2065 1355 2119 tua
1370 2080 1377 2122 :
1395 2068 1426 2120 ut
1441 2079 1497 2120 nec
1511 2066 1540 2122 iu
1560 2063 1710 2128 internum
1736 2064 1801 2126 ani·

133 2149 218 2206 Pater
229 2157 341 2207 noster.
356 2141 486 2207 Liberali
504 2150 626 2208 amalo.
653 2152 712 2222 fot.
732 2155 759 2207 ι.
976 2161 1059 2204 mam
1075 2153 1206 2205 nostram
1226 2148 1400 2222 relinquas;
1417 2151 1469 2208 sed
1498 2147 1675 2228 incorrupta
1700 2164 1799 2216 tenum

133 2229 307 2296 Benedictio.
321 2239 541 2311 omnipotentis
549 2238 601 2295 Del
620 2252 675 2296 ros
703 2239 799 2310 gratie
821 2245 921 2312 prote·
976 2235 1254 2308 sempervictorinm
1267 2236 1402 2296 adtollas.
1416 2251 1447 2312 lp.
1464 2245 1568 2298 Amen.

97 2333 159 2399 gat,
172 2325 344 2401 famemque
355 2335 483 2385 vestram
496 2327 642 2401 spirituali
657 2328 724 2385 cibo
751 2325 871 2385 reliciat.
887 2339 920 2400 p.
1011 2323 1068 2380 Per
1086 2321 1323 2383 misericordiam
1333 2333 1425 2382 luam.

95 2417 202 2473 Amen.
213 2417 295 2474 Sitim
309 2432 430 2490 quoque
443 2421 572 2473 rostram
595 2412 720 2489 justitias
744 2411 921 2472 Dnmlnlbns
1012 2411 1269 2486 aaaerptoaaa.
1283 2415 1364 2470 Unus
1391 2413 1486 2488 panis,
1515 2421 1544 2476 et
1570 2433 1665 2476 unum
1687 2437 1797 2498 eorpus

98 2504 215 2575 inriget,
232 2509 320 2578 atque
332 2513 446 2562 novum
459 2501 625 2561 dulcedinis
635 2519 698 2560 sna
722 2502 830 2560 animis
857 2496 920 2561 'res-
974 2499 1061 2558 multi
1072 2516 1177 2560 snmus
1194 2517 1200 2558 :
1215 2501 1246 2558 P.
1267 2503 1387 2571 Omnes,
1411 2495 1598 2576 quidenna
1616 2525 1704 2580 pane,
1722 2511 1802 2570 etde

95 2589 295 2650 trisiniundat
307 2597 610 2665 saporemtplmen.
622 2591 659 2649 tit
673 2597 735 2648 tam
750 2605 840 2647 carne
852 2607 921 2648 con·
975 2604 1037 2645 uno
1048 2587 1143 2645 calice
1162 2589 1387 2662 participamus.
1402 2585 1434 2652 t.
1452 2591 1564 2649 Parasti
1588 2595 1619 2651 in
1643 2596 1801 2660 dulcedine

95 2681 164 2747 triti,
178 2697 270 2754 qnam
286 2681 391 2754 spirita
419 2679 606 2747 sanctificati,
633 2679 674 2737 ab
685 2696 721 2736 eo
746 2680 921 2737 mereamini
976 2680 1038 2742 tna,
1055 2679 1131 2732 Deus
1146 2679 1270 2754 pauperi
1286 2692 1293 2734 ι
1311 2681 1398 2744 Deus.
1415 2680 1467 2753 qui
1490 2679 1624 2740 habitare
1636 2683 1710 2744 iscis
1727 2703 1801 2746 una·

94 2768 295 2826 coetestldono
308 2769 483 2826 beatificari.
501 2773 533 2841 lt.
545 2767 652 2826 Amen.
974 2762 1072 2820 ninas
1083 2763 1114 2820 in
1125 2761 1228 2823 domo.
1241 2763 1277 2821 P.
1294 2767 1416 2836 omnes,
1435 2767 1497 2840 qui.
1513 2765 1545 2830 t.
1561 2769 1669 2840 Gloria,
1701 2761 1730 2832 et
1743 2776 1799 2834 ho.
1901 2777 1906 2783 ·

128 2859 182 2914 Per
196 2859 433 2916 misericordiam
454 2859 560 2932 ipsius.
975 2865 1040 2908 nor.
1057 2851 1089 2928 P.
1106 2853 1224 2922 Omnes,
1252 2853 1317 2928 qui.

129 2948 243 3005 Lauda.
259 2947 404 3004 Similiter.
419 2945 543 3003 Alleluia
553 2950 580 3003 et
589 2945 714 3004 calicem
730 2949 759 3004 et
782 2943 918 3002 Alleluia
1011 2933 1210 3012 Oratio.0uot
1220 2937 1287 3007 sibi,
1297 2936 1432 3006 Domine.
1441 2943 1602 3016 prestitisti
1620 2949 1797 3026 redemptio·

128 3034 159 3092 P.
174 3038 336 3110 Postquam
352 3037 489 3103 conavit,
512 3035 616 3094 dicens
641 3034 767 3093 Alleluia
782 3033 831 3098 tit.
847 3031 920 3093 cali·
935 3047 955 3111 c
974 3025 1020 3086 nis
1035 3031 1092 3086 tues
1104 3027 1258 3103 beatificis,
1274 3037 1325 3089 tua
1335 3029 1387 3089 tibi
1402 3027 1544 3095 retribuat
1558 3045 1695 3117 creatura
1707 3057 1715 3110 ;
1729 3057 1797 3117 qua

94 3140 160 3183 cem
170 3125 310 3184 salutaris
324 3125 471 3200 accipiam
489 3132 534 3183 :at
547 3138 658 3182 nomen
670 3124 789 3182 Domini
800 3124 920 3183 invoca·
973 3124 1114 3193 percepto
1127 3115 1221 3177 Galice
1237 3117 1375 3179 salutaris
1385 3116 1510 3181 evadere
1536 3143 1569 3184 se
1589 3130 1676 3187 sentit
1699 3134 1798 3191 mortis

94 3216 145 3272 bo.
159 3217 194 3271 P.
211 3215 384 3289 Postquam.
404 3213 436 3276 t.
464 3215 616 3279 Gloriari
638 3213 744 3271 bonor.
780 3214 809 3273 P.
834 3211 919 3272 Post·
973 3197 1141 3282 dispendia,
1156 3199 1210 3267 nisi
1226 3216 1262 3301 ut¹
1272 3204 1471 3285 redemptioni
1482 3221 1540 3273 tua
1553 3204 1654 3277 fidelia
1684 3220 1800 3283 deierat

95 3320 187 3378 qnam
201 3304 340 3361 creuerit.
972 3300 1043 3356 rota
1051 3314 1059 3367 ;
1073 3291 1101 3354 ei
1111 3296 1287 3357 mortificata
1299 3297 1475 3358 obscuritate
1485 3302 1515 3360 in
1531 3305 1611 3361 atriis
1621 3305 1731 3367 domus
1749 3310 1801 3369 Det

131 3394 244 3452 Oratio.
259 3392 509 3467 Dsus,quinobts
527 3393 586 3451 snb
613 3394 805 3451 Sacramenta
832 3394 920 3451 mira·
973 3383 1135 3445 lamulatns
1155 3380 1274 3445 exibeat
1293 3382 1497 3461 obsequelam.
1523 3392 1694 3465 Sanitatem,
1725 3399 1802 3457 Deus

95 3481 311 3555 Μιρωῑοῃις
337 3488 396 3539 ru„
423 3483 600 3540 memoriam
625 3481 796 3555 reliquistis
824 3482 920 3539 tribus
973 3480 1074 3533 noster
1088 3465 1204 3532 tribue:
1222 3482 1253 3533 ut
1268 3474 1407 3549 disruptis
1432 3480 1634 3551 peccaminum
1661 3485 1799 3558 vinculis,

95 3584 280 3644 quaeramus,
293 3572 336 3627 ita
345 3586 401 3627 nor
409 3571 556 3645 Corporis,
573 3570 820 3642 etsangniuistui
833 3584 921 3629 sacre
973 3581 1061 3641 opus,
1073 3580 1136 3638 quo
1146 3564 1281 3639 placoris.
1298 3580 1434 3639 agamus.
1445 3568 1571 3642 atqnctn
1586 3574 1685 3632 medio
1700 3577 1802 3649 tliern·

96 3659 238 3732 mysteria
249 3660 401 3727 venerari,
417 3665 449 3716 ut
467 3658 683 3732 redemptionis
709 3663 767 3717 turs
791 3658 920 3718 nactum
974 3651 1107 3710 selamin
1118 3652 1237 3713 laudem
1251 3658 1332 3713 tuam
1344 3640 1523 3743 placenstibi
1539 3660 1800 3725 sacrificiumoiie·

94 3747 127 3805 in
142 3746 227 3805 nobis
236 3748 349 3820 ingiter
368 3747 546 3808 condamus.
558 3759 591 3819 lp.
602 3750 708 3805 Amen.
973 3758 1076 3801 ramus
1089 3756 1327 3817 :quosqoenunc
1338 3742 1498 3803 mendaces
1511 3747 1735 3827 protertmentis
1751 3771 1801 3815 ex·

130 3837 183 3893 Per
196 3836 434 3894 „turmatim
450 3842 545 3894 tuam,
973 3825 1095 3899 'cessus;
1111 3820 1176 3887 ilios
1196 3828 1348 3887 catholicas
1371 3824 1552 3891 credulitatis
1581 3838 1689 3899 veritas
1713 3840 1753 3901 ad
1771 3848 1799 3903 te

130 3924 162 3981 ln
174 3926 295 3983 nomine
307 3924 425 3983 Domini
443 3924 540 3982 nostri
558 3927 634 3983 tesu'
643 3925 759 3983 Christi.
972 3917 1131 3975 visendum
1145 3906 1321 3977 ihilomitiat
1333 3934 1464 3978 securos.
1479 3933 1513 3995 lt.
1533 3924 1638 3989 Amen.

375 4013 425 4071 aa
438 4012 633 4073 Motutioam.
1009 4010 1074 4064 Por·

128 4100 308 4171 antiplona.
325 4104 385 4173 ligo
395 4102 530 4169 dormiri,
546 4107 575 4159 st
583 4101 752 4163 resurrexit
772 4100 919 4176 qnoniam
1008 4109 1040 4167 lt·
1062 4097 1112 4155 llic
1126 4101 1170 4156 est
1184 4097 1271 4171 panis
1287 4093 1410 4155 decocto
1424 4090 1628 4163 descendens:
1641 4106 1666 4165 si
1680 4106 1749 4181 quis
1761 4120 1798 4169 ex

93 4190 238 4247 nomina.
256 4191 394 4263 ,meapte
408 4208 464 4247 mo,
484 4192 613 4249 pgatm
627 4206 669 4249 m,
973 4186 1041 4259 ipso
1056 4180 1289 4254 manducaverit,
1311 4203 1372 4245 non
1388 4189 1548 4261 morietur;
1562 4193 1614 4252 sed
1626 4194 1749 4257 habebit
1759 4200 1800 4261 ri·

130 4280 243 4339 Oratio.
259 4281 382 4337 Domim
395 4280 466 4337 lesu
476 4280 596 4347 Christe,
610 4280 724 4353 qnipro
734 4279 821 4337 nobis
832 4296 920 4354 sopo-
972 4278 1037 4332 tam
1047 4282 1189 4332 aeternam
1207 4293 1213 4331 ι
1231 4277 1260 4333 et
1276 4292 1332 4347 ego
1346 4276 1571 4338 suscitaboeum
1582 4280 1612 4339 in
1628 4286 1800 4349 novissimo.

93 4383 157 4425 rem
177 4370 280 4425 mortis
293 4369 359 4426 ideo
374 4370 538 4444 suscepisti,
550 4385 587 4425 ne
600 4384 656 4425 nos
666 4368 798 4443 amplius
808 4368 919 4427 obdor-
936 4400 960 4457 υ
975 4363 1006 4419 P·
1023 4364 1052 4421 Si
1066 4363 1205 4435 quisstiit.
1222 4358 1366 4423 veniatad
1381 4382 1440 4435 me,
1451 4374 1480 4423 et
1493 4366 1585 4427 bibat.
1601 4372 1656 4439 Qui
1672 4376 1800 4437 credunt

94 4458 238 4514 miremns
252 4458 281 4516 in
298 4467 410 4527 morle;
423 4458 516 4521 dona.
544 4464 575 4515 ut
593 4457 646 4532 qni
661 4465 688 4515 te
704 4458 848 4517 moriente
876 4474 920 4516 re·
973 4453 1005 4510 in
1021 4469 1077 4517 me.
1095 4452 1218 4511 flumina
1230 4453 1266 4512 de
1279 4460 1381 4511 ventre
1395 4455 1459 4529 ejus
1487 4456 1579 4515 Duent
1605 4478 1692 4535 aquae
1716 4466 1800 4525 rivae.

93 4543 255 4611 nascimur,
267 4550 294 4603 te
309 4548 398 4604 etiam
416 4545 583 4605 vivificante
600 4562 619 4601 a
633 4552 825 4620 peccatorum
844 4546 921 4603 lecto
973 4539 1007 4603 t.
1019 4541 1094 4599 Caro
1106 4556 1182 4609 mea,
1198 4556 1265 4598 vere
1275 4539 1318 4599 esi
1329 4534 1426 4611 cibus,
1438 4549 1467 4602 et
1490 4544 1620 4619 Sanguis
1635 4568 1722 4611 meus
1734 4570 1802 4613 vere

94 4648 256 4704 surgamus
271 4651 279 4691 ε
293 4628 430 4692 nednltra
440 4648 504 4698 ,ram
514 4633 682 4692 obruamur
695 4634 919 4714 poenapeccati,
975 4635 1021 4688 est
1036 4634 1137 4703 potus.
1154 4624 1185 4687 P.
1202 4622 1318 4703 Siquis.

91 4721 148 4795 qui
161 4735 216 4779 nos
228 4724 399 4795 redemptos
412 4717 641 4797 congaudemus
651 4720 746 4799 pretio
757 4715 834 4787 sacri
849 4726 922 4783 San·
1011 4712 1725 4805 Oratiollomineviz-tutumorationesserrorum
1735 4733 1799 4788 tuo·

91 4811 193 4882 guinis
201 4810 254 4867 tni.
270 4822 303 4884 tp.
318 4813 424 4869 Amen.
974 4823 1041 4865 rum
1058 4822 1118 4864 non
1131 4807 1233 4877 iratus,
1250 4802 1304 4867 sed
1318 4803 1452 4882 placatus
1463 4812 1583 4885 accipe:
1598 4822 1627 4871 et
1658 4832 1726 4889 qum
1743 4834 1799 4875 nos

126 4899 184 4957 Per
198 4899 438 4959 misericordiam
462 4905 557 4971 taam,
573 4906 630 4959 etc.
975 4911 1061 4954 orare
1073 4894 1216 4970 oporteat,
1232 4894 1357 4968 dignare
1376 4906 1540 4959 monstrare
1561 4915 1568 4958 ε
1589 4916 1703 4977 eosque
1719 4912 1802 4965 teter.

123 4986 300 5058 Aattptccc
311 4994 338 5049 t.
354 4980 503 5064 Sapientia
516 4981 878 5056 aedificavitsibidomum,
893 4992 922 5049 et
974 4985 1074 5044 nitatis
1085 4986 1153 5043 cibo
1166 4979 1310 5055 contorto,
1324 5003 1400 5061 quos
1413 4985 1501 5059 panis
1511 4988 1720 5061 lacaymarnm
1730 5012 1802 5076 cop·

86 5076 223 5135 subdidit
233 5078 391 5136 columnas
413 5077 540 5151 septem.
554 5071 690 5137 liactarit
701 5095 772 5136 suas
795 5071 920 5147 hostias,
976 5064 1097 5133 turbati
1114 5072 1143 5131 et
1157 5080 1218 5131 tam
1236 5070 1430 5133 mensurabili
1443 5072 1513 5132 ssetn
1525 5074 1653 5138 flumina
1682 5066 1800 5158 lachri-

85 5165 125 5220 P.
141 5165 257 5224 liisenit
271 5168 373 5224 vinum
384 5184 473 5225 snum
486 5168 516 5227 in
535 5174 658 5235 cratere,
671 5155 823 5241 etparavit
833 5182 921 5223 suam
974 5180 1094 5221 maram
1113 5162 1189 5221 oculi
1205 5162 1311 5234 fluant,
1325 5170 1353 5221 et
1365 5162 1589 5223 miserationum
1614 5173 1733 5231 tuarum
1753 5190 1801 5231 co·

86 5268 238 5312 mensam.
252 5251 285 5317 t.
298 5258 331 5312 tit
345 5255 614 5323 manducaverunt,
628 5254 787 5313 etsatnrati
802 5254 923 5314 suntni-
975 5251 1069 5325 piam.
1094 5250 1269 5311 criminibus
1288 5244 1377 5318 elisis,
1406 5244 1582 5327 iuilectant;
1607 5256 1722 5333 quique
1750 5262 1802 5321 lto

87 5342 157 5408 mis,
173 5344 396 5402 etdesiderinm
413 5360 518 5403 corum
548 5342 648 5403 attulit
672 5344 734 5403 eis:
762 5361 824 5404 non
852 5348 924 5401 sant
976 5332 1244 5415 demptorisnostr'i
1270 5330 1432 5399 adrentum
1458 5346 1617 5403 trementes
1642 5363 1800 5422 pavemus,

87 5429 221 5490 fraudati
234 5449 253 5490 a
267 5432 415 5491 desiderio
426 5449 491 5494 suo.
507 5425 541 5491 P.
552 5426 674 5493 liscnit.
702 5430 734 5499 i.
763 5429 871 5509 Gloria,
895 5436 925 5493 at
976 5430 1215 5503 ejusgtoriosum
1227 5438 1433 5505 conspectum.
1449 5430 1487 5491 da
1503 5432 1660 5503 tribuente,
1673 5441 1801 5513 pacatis·

87 5518 191 5579 honor
202 5522 290 5580 Patri·
303 5524 340 5581 P.
353 5522 467 5580 lliscnit
486 5516 599 5579 vinum.
977 5519 1089 5578 simum
1102 5510 1396 5595 contemplemurfa.
1409 5526 1515 5580 amen.
