4117 6175
283 421 353 482 1039
920 407 1149 476 nnnvtsltrun
1167 407 1366 472 Gol‘lttctttt.
1920 411 1977 470 toto

282 545 387 606 iacob.
407 549 438 602 P.
459 545 508 603 tsti
530 544 611 603 aunt.
632 542 664 603 t.
685 539 793 609 Gloria,
822 545 851 599 et
867 540 974 601 bonor.
1008 541 1041 598 P.
1061 541 1111 599 isti
1126 541 1150 597 A
1163 537 1287 605 virtutis,
1301 533 1489 610 pronomine
1499 531 1976 592 tuocertantibusiuliancathlete
2044 557 2045 608 j

283 639 363 694 sunt.
1163 630 1216 685 tuo
1226 629 1255 683 et
1267 623 1360 683 Sociis
1372 623 1447 696 eius,
1460 625 1579 680 tantum
1587 620 1660 680 doni
1669 619 1832 679 attribuisti
1840 619 1943 686 laudis,
1953 629 1978 678 ut
2044 651 2045 662 ι

319 723 433 782 Oratio.
446 719 653 793 Cognoscitur,
669 718 804 789 homine,
814 722 988 777 manustra
999 717 1031 776 in
1043 733 1111 777 san·
1164 729 1310 773 coronans
1318 711 1487 788 acciperent
1497 712 1668 786 pretiosam,
1677 725 1762 778 auro,
1772 714 1802 769 et
1810 711 1935 782 gemmis
1942 725 1979 768 or·

283 807 1112 883 ctistuis,dumadillustrispugnaecertamensubllmat
1163 799 1979 878 natam:etomniaqatersllsntfiducislileratolacsre

283 896 834 971 emetumtuliauum,sociosqueejus
844 913 852 965 ;
862 894 1038 954 sicutbcrba
1048 910 1113 968 ger·
1164 895 1304 967 possent:
1320 894 1433 950 tiorum
1446 887 1980 963 intercessionenosquoquelamulcs

283 985 479 1046 miusreiecit
489 986 566 1044 iuter
579 983 723 1059 fallacias,
735 989 765 1042 et
777 984 883 1042 mundi
897 984 1006 1053 minas,
1018 984 1113 1042 tortis·
1164 987 1233 1042 tuos
1246 982 1279 1040 in
1292 980 1532 1041 commilitonum
1547 984 1668 1039 tuorum
1694 978 1776 1038 fideli
1793 978 1980 1052 promissione

284 1076 421 1150 simaque
431 1073 647 1146 congressione
661 1074 833 1147 superando
842 1073 946 1132 hostes
960 1072 1111 1147 iniquisei·
1166 1071 1313 1145 adiungs;
1325 1071 1400 1142 ut,si
1411 1067 1982 1130 delicianostramalevivendononme

283 1180 369 1224 mos:
383 1179 486 1223 annue
495 1162 637 1239 precibus
646 1163 827 1222 Sanctorum
837 1162 1007 1220 misericors
1016 1166 1046 1219 et
1055 1159 1112 1219 cle·
1164 1165 1266 1220 rentur
1277 1173 1431 1230 coronam,
1452 1159 1500 1219 vel
1516 1157 1618 1217 saltim
1632 1157 1843 1216 misericordius
1856 1158 1982 1215 mercede

283 1253 470 1313 montissime
485 1254 580 1321 Dens3
600 1256 634 1308 ut
645 1250 784 1326 exemplo
806 1256 927 1311 tuorum
942 1255 1110 1324 martyrum
1165 1265 1222 1309 nos
1235 1247 1391 1324 psinchus
1403 1247 1443 1307 ad
1452 1261 1584 1322 superna
1596 1265 1604 1304 ι
1617 1251 1650 1304 ut
1664 1261 1769 1304 eorum
1782 1245 1895 1304 sanctis
1908 1247 1983 1304 meri-

282 1341 391 1401 iuliani
401 1347 431 1400 et
441 1340 588 1398 Basilisco
596 1340 760 1410 nosiacics,
769 1339 828 1397 tuis
838 1339 1015 1397 inherendo
1023 1337 1112 1397 vasti·
1165 1337 1203 1396 tis
1215 1337 1305 1397 nobis
1318 1337 1400 1397 dona
1413 1336 1516 1409 matis
1530 1334 1670 1404 condere,
1684 1339 1713 1392 et
1721 1333 1837 1394 donam
1850 1333 1982 1408 digneris.

283 1431 349 1503 giis,
365 1429 501 1488 coronari
515 1443 647 1502 superno
657 1428 689 1485 in
707 1442 811 1500 regno.
831 1438 864 1500 ιι.
879 1429 984 1486 Amen.
1165 1437 1198 1499 lp.
1214 1426 1322 1483 Amen.

319 1517 629 1575 Permisericordiam.
1199 1517 1254 1572 Per
1267 1513 1516 1574 misericordiam.

319 1617 355 1677 p.
374 1604 451 1664 Audi
468 1619 576 1664 vocem
588 1603 713 1663 dccoelo
727 1605 875 1662 dicentem
890 1624 898 1662 ι
914 1603 1050 1664 terdenus
1062 1604 1110 1663 di·
1198 1601 1375 1674 antiplona
1390 1603 1545 1676 ³„Plcrete
1559 1602 1657 1660 sancti
1670 1603 1747 1661 sicut
1759 1618 1837 1660 roem
1851 1601 1985 1675 plantata

281 1693 377 1752 lectus
393 1709 489 1758 meus,
505 1697 536 1751 P.
551 1694 675 1768 Quipro
688 1693 896 1751 metiundum
919 1693 1108 1767 contempsit,
1164 1705 1256 1764 super
1265 1705 1374 1765 aquas,
1388 1693 1419 1747 P.
1433 1691 1466 1749 Et
1475 1689 1562 1765 quusi
1573 1690 1668 1749 lilium
1678 1691 1747 1749 dcte
1757 1692 1884 1750 odorem
1895 1691 1986 1749 sueri·

283 1782 445 1856 deputetur
458 1782 489 1840 in
501 1797 631 1840 nomem
644 1781 823 1841 Sanctorum
837 1799 845 1838 ε
859 1782 1001 1841 Basilissa
1013 1782 1111 1842 nomi·
1163 1779 1241 1838 tetis.
1254 1778 1289 1841 i.
1307 1778 1432 1839 Plentati
1443 1780 1475 1837 in
1487 1779 1580 1838 domo
1595 1779 1723 1852 bomini,
1737 1780 1770 1837 in
1784 1779 1868 1838 atriis
1882 1780 1984 1838 domus

280 1872 328 1930 nis
340 1870 389 1928 sui
402 1869 505 1942 digna,
520 1886 589 1945 qua
603 1870 729 1928 orabat:
746 1873 814 1928 llere
821 1870 1005 1945 meimplere
1014 1870 1110 1930 delec-
1125 1886 1149 1944 Β
1163 1867 1215 1926 liei
1227 1868 1324 1928 nostri
1335 1867 1497 1927 florebunt.
1511 1869 1542 1925 P.
1562 1870 1597 1927 tit
1610 1867 1699 1943 quasi
1715 1867 1822 1926 lilium.
1836 1868 1869 1930 i.
1882 1867 1984 1934 Gloria,

280 1963 333 2019 lat.
347 1959 379 2021 il.
392 1961 515 2032 Propter
526 1959 668 2018 dilectum
683 1973 780 2018 meum
790 1958 941 2035 [ccxxxix]
954 1959 1108 2019 lulianum
1162 1960 1192 2016 et
1213 1955 1313 2014 honor
1325 1955 1414 2016 Patri.
1431 1958 1460 2012 P.
1477 1959 1510 2014 Et
1523 1956 1623 2031 quasi.

278 2047 423 2106 reddatur
433 2048 546 2106 anime.
561 2048 593 2105 P.
612 2047 669 2115 Qui
684 2063 740 2121 pro
761 2063 820 2106 me.
834 2048 866 2111 ti.
882 2047 990 2118 Gloria,
1013 2053 1043 2108 ct
1054 2047 1108 2108 ho·
1199 2046 1313 2104 Oratio.
1328 2044 1459 2105 Glorioso
1468 2045 1606 2104 omnium
1618 2045 1811 2116 liexChriste,
1821 2045 1871 2103 cui
1879 2045 1984 2118 justitia

280 2150 345 2195 nor.
362 2135 467 2203 Ρ.οιιί
482 2150 538 2209 pro
551 2150 611 2194 ms.
1161 2131 1568 2208 placcl,sisanctitasiloride
1578 2133 1652 2192 nitet
1662 2151 1669 2202 ;
1679 2135 1856 2208 quitantam
1864 2133 1983 2207 gratiam

314 2222 431 2283 Oratio
442 2225 526 2296 Ecce,
540 2223 675 2296 Domine,
688 2222 790 2281 dilecti
810 2223 855 2282 tui
871 2224 981 2284 tuliani
1000 2228 1031 2284 st
1051 2224 1106 2284 So·
1161 2221 1325 2281 sanctitatis
1336 2221 1457 2281 lamule
1466 2229 1525 2280 tuoe
1535 2221 1681 2282 basilissa
1690 2223 1983 2296 prestitisti,ut,dnm

276 2311 394 2370 ciorum
401 2311 467 2384 eius
475 2309 691 2369 miraculorum
699 2311 1106 2388 insigniapredicamus;ilt1
1160 2310 1211 2369 illa
1224 2309 1359 2382 Virgines
1369 2310 1556 2379 admoneret,
1570 2310 1799 2370 colamnalucis
1814 2311 1984 2386 illiappare·

277 2400 387 2458 etenim
405 2398 541 2472 predicti
549 2401 691 2473 hartyres
709 2398 779 2458 inte
791 2401 939 2460 crolando
951 2405 1044 2476 etque
1062 2418 1106 2461 se
1157 2403 1211 2467 ret,
1225 2398 1557 2474 quaemfflummerst
1565 2401 1701 2475 odorque
1713 2400 1984 2474 saevissimasqui

276 2486 410 2560 quondo,
425 2485 601 2546 ardentibus
614 2486 744 2545 demersi
755 2487 787 2546 in
800 2489 897 2563 cupis,
916 2489 1021 2564 inlaesi,
1037 2495 1106 2566 post
1158 2502 1227 2545 sam
1242 2487 1432 2557 confortaret,
1453 2493 1487 2547 ut
1505 2488 1557 2546 illa
1575 2489 1617 2547 sic
1637 2489 1835 2563 responderet
1854 2507 1862 2546 :
1880 2489 1982 2547 insulto

275 2574 1012 2652 ignisrutilanteolariiate,resplsndent;·equibus
1021 2594 1104 2639 voxe
1158 2575 1213 2634 tibi
1227 2575 1358 2648 diabole,
1370 2577 1444 2650 quia
1457 2592 1495 2635 ex
1508 2591 1599 2650 grege
1612 2577 1688 2636 mihi
1702 2577 1815 2637 credito
1827 2577 1929 2636 nullas
1946 2583 1985 2636 est

273 2665 557 2740 supernisintonet:
570 2663 679 2723 iuliani
692 2664 792 2724 dilecti
805 2665 1104 2728 meifldeeheeom-
1157 2665 1211 2740 qui
1231 2669 1330 2724 tecum
1345 2669 1467 2742 pereat:
1483 2670 1516 2724 iu
1534 2665 1663 2726 solusde
1682 2671 1735 2728 tua
1750 2683 1846 2742 poena
1866 2667 1982 2728 letare:

273 2752 1103 2828 niameruit,etmaj0raborummeretur3cumetoculum
1157 2755 1271 2813 llorum
1279 2753 1495 2814 intercessione
1504 2770 1650 2828 rogamus
1660 2759 1699 2828 te,
1709 2756 1847 2830 piissime
1856 2757 1946 2824 Deus,
1956 2762 1984 2813 ut

272 2841 396 2902 cuidam
403 2842 544 2901 credendi
555 2843 586 2900 in
599 2843 722 2901 nomine
730 2848 782 2904 tuo
792 2844 944 2914 relormat,
955 2861 1066 2920 corpus
1074 2854 1104 2906 et
1156 2843 1274 2919 pietatis
1288 2848 1347 2902 tue
1366 2843 1516 2902 medelam
1530 2843 1710 2918 impertiaris
1724 2844 1907 2904 criminibus
1925 2860 1983 2903 cm-

272 2930 407 2988 animam
416 2931 549 2998 suscitat,
560 2928 710 3012 idolorum
718 2933 888 2993 vanissima
899 2935 1102 2994 simulacrain
1156 2931 1983 3006 nium,quinonmeremurgtortameritorum.utaobis

271 3017 394 3089 pulvere
407 3015 515 3089 redigit
530 3033 538 3071 z
554 3015 754 3076 obsecramus
764 3025 792 3078 te
802 3020 1039 3081 clementissim0
1048 3038 1102 3100 per
1156 3019 1194 3080 sit
1206 3019 1394 3095 indulgeatis
1404 3021 1523 3098 pietatis
1532 3037 1567 3081 ex
1583 3022 1675 3082 dono.
1689 3035 1722 3097 ιι.
1734 3027 1842 3082 Amen.

269 3103 360 3173 huius
374 3103 508 3177 tlartyris
520 3103 784 3166 intercessionem
798 3110 1101 3171 utinluminenturte-
1190 3109 1247 3169 Per
1261 3112 1511 3171 misericordiam.

269 3182 372 3251 uebrae
383 3191 596 3262 cordisnostri,
608 3197 870 3267 etresurgemusa
884 3200 1051 3272 sepulchris
1061 3202 1101 3261 ri·
1117 3242 1139 3301 c
1190 3210 1223 3272 lt.
1239 3202 1307 3257 ttoec
1315 3199 1387 3258 dicit
1399 3199 1545 3259 Dominus
1556 3218 1564 3258 :
1576 3202 1708 3261 Visitabc
1723 3204 1851 3261 smctos
1859 3202 1983 3261 meosiu

269 3280 581 3358 tiorum‚ettemplum
589 3284 974 3358 corporisnostriinlmsum
981 3306 1100 3351 conser-
1154 3286 1255 3345 medio
1269 3287 1358 3361 ignit.
1373 3292 1402 3347 et
1419 3290 1551 3348 emedio
1574 3290 1707 3349 ssttmmae
1719 3290 1857 3350 liberabo
1872 3306 1945 3358 00⁵t
1958 3295 1983 3348 ei

269 3384 375 3429 remus
390 3374 443 3427 :ut
455 3370 487 3431 ia
499 3374 646 3431 aternum
661 3378 770 3444 tecum,
781 3380 811 3435 et
823 3393 893 3436 cum
909 3377 1028 3439 Sanctis
1041 3379 1099 3439 tuis
1153 3374 1234 3432 dabo
1246 3376 1289 3433 eis
1302 3392 1430 3448 regnum
1440 3378 1470 3435 P·
1483 3380 1514 3436 {n
1524 3383 1680 3451 internum,
1690 3383 1721 3437 οι
1730 3381 1762 3437 in
1771 3378 1921 3437 saeculum
1932 3396 1983 3437 δὲ

267 3457 333 3601 eilge
344 3458 405 3517 tine
416 3458 564 3519 visamus.
576 3472 609 3532 rc.
622 3462 727 3522 Amen.

326 3561 369 3605 er.

301 3650 520 3727 Amtipleonct.
529 3654 682 3713 iustorum
688 3656 837 3717 mimaein
846 3674 943 3719 mann
952 3661 1004 3719 liei
1013 3666 1093 3730 sunt.

265 3737 300 3794 P.
318 3739 351 3796 nt
363 3752 427 3797 non
444 3744 546 3814 tanget
563 3741 632 3801 illos
643 3749 828 3805 tormentum
842 3748 957 3807 mortis.
975 3748 1009 3812 i.
1019 3751 1096 3809 iusti

264 3840 337 3885 uero
351 3826 513 3887 hereditate
525 3830 727 3903 possidebunt
738 3839 873 3894 terram:
896 3841 925 3895 et
942 3837 1094 3898 inhabita·

262 3914 341 3973 buut
356 3914 388 3973 in
402 3914 547 3977 mculum
561 3920 662 3977 saculi
674 3937 854 3996 supeream.
868 3928 898 3982 P.
911 3927 947 3983 ut
956 3931 1094 3986 nonian-

263 4003 402 4077 getillos.
416 4004 448 4067 tl.
464 4005 572 4065 Gloria.
586 4008 616 4067 P.
634 4011 670 4068 ιιι
679 4025 753 4069 non.

298 4101 412 4161 Oratio.
422 4104 549 4165 Domine
560 4106 633 4165 Jssu
642 4108 766 4178 chrisis,
777 4109 906 4169 coelestis
918 4112 1021 4183 metire
1033 4113 1091 4173 ler-

262 4190 351 4263 utor,
364 4191 419 4266 qui
429 4194 541 4253 sanclis
562 4195 621 4254 tuis
634 4197 753 4256 iuliano
768 4201 798 4256 et
815 4199 960 4257 Basilisses
974 4206 1091 4263 tantam

261 4279 390 4352 grabam
401 4282 570 4355 prestitisti,
587 4288 620 4343 ut
633 4284 820 4357 abnegantes
831 4287 945 4357 omnia,
956 4304 1027 4363 oure
1036 4291 1091 4353 bu·

259 4368 310 4443 jus
321 4370 515 4441 mnudisunt,
527 4372 560 4431 in
569 4388 698 4431 numero
712 4374 900 4443 Sanctorum,
916 4376 963 4436 rel
975 4378 1008 4435 in
1020 4397 1091 4441 con·

260 4458 436 4532 precatione
449 4460 611 4520 electorum
621 4469 839 4522 conconsortcs
853 4464 986 4525 elflceres
1001 4488 1008 4529 ε
1023 4486 1090 4529 ora·

259 4562 330 4607 mus
340 4563 413 4622 ergo
424 4555 461 4616 te,
474 4548 585 4623 inclyte
597 4550 686 4621 Deus,
697 4550 851 4626 obsequiis
863 4555 1089 4626 Sanctorum,ut

258 4636 370 4695 nostris
380 4635 533 4695 mentibus
543 4636 784 4710 spiritalelumen
793 4640 928 4701 insinues
943 4651 994 4703 :ut
1004 4646 1088 4703 omni

258 4724 422 4800 cupiditate
428 4724 520 4798 hujus
534 4726 642 4786 mundi
655 4728 771 4787 anobis
784 4731 913 4799 detersa,
929 4749 1034 4795 eorum
1044 4734 1088 4795 in·

256 4807 400 4874 lustribus
413 4806 539 4886 meritis,
564 4815 653 4876 nobis
674 4816 714 4877 ob
733 4818 871 4878 lucinora
894 4826 1086 4894 peccalorum

256 4903 377 4964 reniam
390 4904 564 4967 condonare
578 4905 722 4980 digneris.
736 4919 769 4981 u.
782 4914 890 4967 Amen.

291 5010 360 5072 Per.

290 5124 463 5199 sapione
474 5132 506 5186 ι,
514 5130 606 5188 Filius
616 5130 668 5188 Dei
678 5129 796 5190 leatus
808 5134 854 5189 est
864 5146 957 5205 super
963 5132 1082 5205 justos:

1151 3458 1267 3523 bulbi.
1291 3459 1471 3521 Exultabunt
1495 3462 1593 3521 Sancti
1607 3464 1637 3520 in
1663 3462 1781 3535 gloria:
1801 3463 1983 3523 temnuntur

1151 3548 1182 3605 in
1197 3548 1350 3609 cubilibus
1365 3550 1437 3608 suis.
1458 3553 1488 3609 P.
1502 3554 1535 3609 in
1547 3556 1703 3621 aternum,
1714 3552 1746 3615 ti.
1762 3552 1874 3621 Gloria,
1890 3554 1981 3611 etho

1150 3650 1216 3696 nor.
1232 3636 1264 3695 P.
1279 3639 1311 3695 tn
1326 3643 1482 3699 aternum.

1186 3726 1296 3786 θναιίο.
1315 3728 1394 3785 Deus
1415 3728 1606 3803 omnipotens
1628 3734 1737 3789 aterne
1766 3731 1883 3790 Christe
1904 3733 1981 3799 iesu,

1148 3830 1210 3889 quo
1224 3814 1398 3888 adiurante,
1409 3816 1523 3876 athleta
1536 3823 1605 3877 tuus
1614 3818 1750 3879 Julianus
1761 3835 1852 3893 super
1859 3820 1981 3879 oculum

1147 3902 1286 3961 evulsum
1312 3906 1434 3977 signum
1448 3907 1549 3965 Crucis
1568 3906 1723 3980 imposuit.
1739 3912 1769 3965 et
1790 3908 1895 3969 stetim
1912 3922 1981 3965 eam

1148 3990 1330 4051 inluminare
1342 3996 1515 4067 promeruit,
1527 3996 1667 4055 invocato
1678 3995 1802 4057 nominc
1809 3995 1979 4055 Trinitatis:

1146 4082 1188 4137 Tu
1202 4080 1312 4153 pietate
1324 4081 1423 4152 subto,
1442 4088 1472 4141 et
1485 4084 1636 4142 orantium
1651 4083 1772 4159 suscipe
1784 4088 1868 4155 vota,
1882 4090 1913 4143 et
1925 4100 1981 4141 cm-

1146 4167 1243 4227 citatis
1257 4175 1370 4229 nostrae
1391 4170 1531 4229 tenebras
1557 4172 1706 4231 inlumina
1719 4193 1727 4233 ι
1743 4172 1841 4231 tribua
1855 4188 1981 4248 quoque

1145 4256 1234 4316 nobis
1244 4258 1369 4318 obtentu
1378 4264 1551 4319 sanctorum
1560 4262 1722 4336 Martyrum
1729 4260 1849 4334 largam
1863 4262 1980 4321 auehe

1144 4346 1548 4422 nedictionisimpensionem
1558 4368 1568 4424 3
1577 4356 1674 4425 qaoet
1683 4350 1816 4409 tenebra
1825 4352 1981 4425 acaligiae

1143 4435 1236 4493 nostri
1251 4434 1350 4495 cordis
1360 4435 1586 4507 inluminentur,
1606 4441 1636 4497 et
1648 4442 1842 4515 peccatorum
1857 4446 1980 4501 nostro-

1143 4536 1211 4581 rum
1231 4523 1351 4584 vincula
1364 4524 1579 4587 dissolvantur.
1594 4540 1628 4601 ιι.
1646 4532 1752 4589 Amen.

1180 4611 1235 4669 Per
1248 4612 1497 4675 miscricordiam.

1177 4700 1348 4771 Antiphone
1366 4704 1392 4759 t.
1409 4706 1503 4779 Prope
1515 4705 1654 4766 timentes
1666 4708 1761 4765 Deum
1778 4707 1917 4767 salutaro
1938 4709 1981 4782 ip

1141 4788 1223 4847 sius:
1241 4788 1274 4846 P.
1290 4792 1324 4847 nt
1333 4806 1427 4865 super
1440 4802 1571 4864 sanctos,
1584 4800 1613 4855 ct
1624 4796 1657 4857 in
1666 4812 1719 4857 cos
1730 4796 1783 4870 qui
1796 4804 1982 4856 convmtun

1141 4882 1189 4935 tur
1201 4877 1365 4951 adipsum.
1380 4879 1412 4943 i·
1435 4882 1543 4943 Fidelis
1558 4885 1706 4944 Dominus
1725 4886 1757 4943 iu
1771 4884 1876 4949 verbis
1889 4888 1958 4947 suis
1973 4902 1979 4943 :

1140 4971 1169 5024 et
1179 4970 1301 5025 sanctus
1312 4968 1345 5026 in
1354 4970 1497 5031 omnibus
1509 4971 1588 5049 [cxc]
1596 4974 1821 5048 operibussuis.
1834 4974 1870 5033 P.
1883 4979 1922 5035 Et
1931 4992 1981 5033 su·

1136 5069 1193 5131 per
1205 5060 1337 5116 sanctos.
1347 5058 1379 5124 ti.
1396 5058 1505 5118 Gloria.
1520 5060 1553 5117 P.
1573 5062 1607 5121 lit
1619 5078 1719 5137 super.

1174 5142 1288 5204 Oratio
1305 5145 1550 5208 Beatissimorem
1562 5156 1729 5226 martyrum
1735 5152 1846 5213 iuliani
1858 5152 1983 5213 etltax'r

252 5214 287 5275 P·
308 5215 351 5315 El·
365 5213 398 5273 in
418 5216 561 5291 paradiso
579 5218 756 5277 deliciatum
774 5219 935 5280 constituet
951 5220 1030 5280 illoc·
1049 5221 1081 5283 P·
1136 5230 1214 5292 iisse
1226 5234 1488 5307 etejusComitum
1497 5240 1982 5315 presidiissnimati,n‹taedbc

254 5303 406 5371 Quonim
419 5302 565 5363 D⁰mi¹¹¹1⁸
578 5312 662 5366 miti
673 5306 835 5378 judiciam,
851 5312 880 5366 θῑ
888 5324 951 5368 1¹0⁰
957 5308 1084 5369 derelin·
1134 5320 1255 5381 minum
1270 5329 1409 5385 nostrum
1423 5332 1529 5401 pergat
1540 5329 1637 5390 oratio
1651 5348 1659 5385 ι
1674 5334 1708 5390 ut
1723 5346 1857 5405 quornm
1869 5334 1907 5393 in
1919 5334 1981 5391 boe

252 5394 325 5467 ques
338 5395 551 5496 smcustsnes
567 5410 574 5451 τ
591 5394 624 5452 in
643 5398 790 5494 etenum
806 5396 1078 5496 conomsbuntur·
1137 5411 1247 5471 saeuo
1261 5412 1429 5485 gloriosum
1445 5416 1635 5479 misceamus
1645 5419 1846 5495 tnumpnum,
1862 5438 1982 5484 ωιιιιιι

252 5478 287 5537 Ρ.
306 5482 340 5538 Et
351 5495 384 5539 tn
397 5481 552 5555 paradiso.
566 5482 598 5545 i.
610 5481 720 5541 Gloria.
737 5483 769 5539 P.
785 5485 819 5542 nt
829 5499 862 5545 ru
873 5484 1027 5559 paradiso·
1133 5497 1168 5555 in
1178 5504 1323 5561 aurnum
1335 5503 1474 5577 precibus
1487 5505 1679 5581 adjuvemur.
1695 5521 1729 5583 n.
1750 5510 1860 5571 limem

288 5574 400 5636 brutia
425 5577 539 5637 Christe
562 5577 616 5637 Dei
635 5578 736 5649 Pilius,
758 5580 813 5653 qui
836 5597 869 5641 es
886 5582 1035 5654 gloriosus
1048 5583 1082 5644 in

252 5659 656 5737 aucmentandum
669 5668 826 5744 mejestatc
835 5687 844 5743 ς
853 5668 941 5744 cujus
949 5672 1082 5747 poteolis

1130 5642 1136 5650 .
1172 5588 1238 5647 Per.

1169 5679 1345 5763 andricas
1359 5686 1386 5747 ι.
1399 5687 1474 5757 iusti
1486 5688 1656 5765 spatientur,
1668 5696 1700 5754 ct
1711 5690 1892 5757 mutcctin
1902 5708 1980 5759 oon·
