4117 6175
246 280 299 335 iso
885 264 1114 331 suavrsuuur
1133 264 1329 324 uorurcuu.
1896 264 1948 318 uo
2047 321 2048 339 Ν

226 422 231 431 ·
301 398 452 469 llniPatri,
472 398 597 471 eiusque
612 394 751 455 solil'ilio
1084 391 1241 449 arcuum
1264 390 1397 449 remedio
1420 388 1573 448 salutifero
1601 384 1741 444 subleva:
1756 382 1950 459 tuisquejus-
2047 394 2048 413 ι

301 488 595 563 conspiremus
608 486 733 544 Trinitas
744 485 913 561 perenniter
1127 479 1339 538 titicationibus
1358 480 1492 539 eductam
1502 475 1636 554 potentia
1647 472 1730 533 verbi
1756 472 1798 531 tui
1818 472 1946 539 vivifica,

300 579 378 638 tavit
392 575 542 652 potensin
556 574 738 634 seculorum
749 575 877 634 seculis.
1126 572 1275 643 ladmen.

353 666 458 726 Amen.
1161 656 1478 716 Permisericordiam.

282 753 852 829 supplicatio.oremuslledemptorem
861 749 1073 811 mundillomi·
1161 745 1274 804 buada.
1291 747 1435 803 llemeuto
1460 742 1545 801 verbi
1565 740 1607 800 tui
1635 754 1722 798 servo
1748 743 1809 806 tuo.
1838 738 1869 797 in
1887 753 1949 812 quo

247 861 322 905 uum
337 849 475 904 nosbum
484 845 586 901 lesum
593 842 912 911 Christum,cumomni
922 840 1073 916 supplica·
1126 833 1200 891 mihi
1214 850 1298 907 spem
1312 833 1428 892 dedisti.
1439 832 1469 888 P.
1483 834 1551 889 llac
1563 845 1612 887 me
1625 828 1781 887 consolata
1795 830 1840 885 est
1854 826 1884 884 in
1897 826 1950 884 hu·

249 934 329 994 bone
339 948 499 1005 rogemus,
510 936 543 989 ut
552 946 609 989 nos
622 946 676 1005 per
691 932 835 1003 stigmata
846 930 995 1004 passionis
1010 944 1074 985 ιιι
1125 922 1248 981 militate
1259 938 1337 982 mea.
1346 921 1378 986 t.
1389 920 1513 995 Superbi
1526 919 1628 993 inique
1641 916 1951 991 agebantusquequa·

247 1022 396 1099 propitius
407 1020 570 1093 iustificare
583 1020 731 1091 dignetur.
742 1018 978 1093 tyriaclcisou.
994 1016 1074 1077 cbri-
1126 1025 1205 1083 que:
1225 1026 1244 1067 a
1261 1009 1327 1081 lege
1339 1012 1440 1069 autem
1454 1012 1505 1067 tua
1517 1021 1579 1065 nou
1596 1004 1753 1065 declinavi.

249 1117 295 1169 ste
306 1110 427 1168 eleison.
437 1107 668 1181 Kyrie,elaison.
1162 1096 1194 1155 P.
1212 1100 1291 1158 ttae.

286 1198 437 1268 capitula.
452 1194 606 1254 Passionis
614 1200 674 1253 tura
694 1195 814 1267 testum,
829 1196 941 1256 christe
968 1195 1020 1254 Dei
1033 1194 1076 1253 li·
1163 1187 1273 1247 Oratio.
1290 1188 1390 1261 Spem,
1403 1200 1497 1261 quam
1511 1183 1619 1243 dedisti
1629 1182 1730 1248 uobis,
1739 1182 1873 1251 Domine,
1886 1181 1953 1256 ipsa

249 1288 307 1347 lius
319 1285 436 1344 devotis
453 1284 590 1342 cordium
604 1283 712 1341 officiis
726 1300 850 1342 recursu
864 1283 1007 1358 temporis
1028 1283 1076 1341 in-
1129 1274 1166 1334 sit
1178 1276 1211 1333 in
1226 1276 1392 1334 bumilitate
1402 1280 1504 1333 nostra
1515 1271 1691 1339 consolatio,
1707 1287 1776 1345 quaa
1795 1270 1884 1329 nobis
1900 1271 1954 1328 erit

250 1376 467 1446 enormesque
478 1370 630 1445 pronubis
642 1376 671 1429 et
681 1371 1076 1446 bnguastuistipersequen·
1128 1364 1160 1423 in
1174 1363 1356 1423 exultatione
1370 1363 1472 1437 gloria
1487 1361 1652 1438 plenitudo.
1668 1371 1701 1433 ιι.
1713 1363 1818 1417 Amen.

250 1459 1074 1535 tiumpassus,ettradeutiumtevubreribuscrucifixus3
1166 1456 1231 1511 Per.

249 1552 493 1623 rogamusatque
506 1548 746 1621 exposcimus,ne
758 1555 786 1607 te
795 1549 918 1622 elonges
931 1565 950 1608 ι
963 1549 1052 1607 nobis
1067 1566 1074 1619 ;
1163 1543 1237 1602 Atia
1255 1542 1365 1602 lauda.
1380 1546 1491 1601 Memor
1508 1540 1550 1598 tui
1558 1538 1737 1614 iudiciorum
1751 1539 1873 1594 tuorum
1898 1536 1955 1594 Do-

250 1644 293 1705 ιιι,
309 1639 381 1713 qiua
391 1637 581 1711 proximante
591 1636 793 1705 tribulatione,
802 1652 862 1696 non
874 1643 919 1697 est
930 1638 983 1712 qui
990 1638 1077 1712 adju·
1130 1633 1244 1689 minsa
1263 1630 1373 1689 saeculo
1389 1648 1396 1689 :
1413 1631 1445 1687 P.
1474 1631 1507 1686 Et
1523 1627 1694 1686 consolatus
1721 1641 1799 1683 sum.
1821 1624 1853 1687 r.
1869 1624 1957 1682 llefe·

250 1730 324 1800 vet3
341 1730 374 1784 tu
387 1724 469 1783 solus
482 1725 631 1799 passionis
649 1728 708 1783 tua
723 1740 779 1784 uos
796 1725 935 1785 subleves
944 1742 1021 1800 ope3
1037 1740 1112 1797 ness
1130 1720 1189 1780 ctio
1199 1720 1291 1779 tenuit
1302 1736 1361 1787 me,
1378 1733 1433 1794 pro
1447 1716 1654 1793 peccatoribus
1680 1714 1958 1788 derelinquentibus

253 1815 354 1875 badas
368 1829 439 1886 ergo
450 1827 507 1873 nos
524 1812 654 1871 inimicis
668 1815 778 1872 noscis
805 1814 837 1874 iu
865 1815 998 1882 malum;
1022 1815 1078 1873 sed
1130 1810 1228 1882 legem
1242 1812 1337 1867 tuam.
1358 1811 1387 1866 P.
1405 1810 1437 1865 at
1452 1807 1635 1864 consolatus.

254 1904 342 1977 253
356 1902 652 1987 excipeservostuos
666 1901 842 1960 iubenum:
856 1908 887 1961 ut
898 1903 1077 1961 nosealum·
1168 1900 1280 1957 Oratio.
1294 1900 1439 1956 liemarus
1456 1897 1500 1954 tui
1526 1896 1557 1953 iu
1577 1899 1675 1967 nocte,
1699 1894 1832 1960 llcmine,
1859 1892 1958 1963 legem

251 1991 369 2049 mentes
390 1990 524 2062 superbi,
538 1989 651 2047 inimici
663 1990 774 2048 scilicet
783 1991 955 2049 animarum
965 1995 1079 2049 nostra·
1131 1986 1228 2046 tribue
1243 1987 1408 2045 custodire:
1425 1990 1454 2043 et
1468 1985 1520 2060 qui
1533 1984 1570 2042 de
1584 1990 1612 2041 te
1624 1998 1680 2040 nec
1705 1983 1736 2040 in
1755 1980 1959 2039 tribulationi·

252 2076 449 2146 rum,virtutis
459 2081 517 2135 tuae
526 2078 660 2151 potentia
671 2078 944 2153 propellanturslu
953 2096 986 2137 es
997 2079 1078 2137 enim
1132 2076 1189 2134 bus
1200 2075 1297 2141 silent,
1311 2090 1497 2150 nunquama
1511 2073 1569 2131 tuis
1581 2070 1770 2130 sermonibus
1780 2070 1957 2137 claudicent,

253 2165 356 2224 dimna
362 2164 544 2239 lucernaper
551 2165 761 2225 humanitatem
767 2184 857 2241 super
866 2168 1080 2226 candelabrum
1132 2165 1185 2225 sad
1199 2165 1258 2221 fixe
1271 2165 1302 2221 in
1315 2169 1344 2222 te
1356 2164 1517 2223 stabilitate
1529 2162 1703 2237 perdurent.
1718 2172 1750 2233 tp.
1763 2164 1867 2216 tmen.

253 2252 600 2327 Crucisimpositarideo
610 2258 638 2311 te
647 2261 909 2328 rogamus,utnon
919 2257 1078 2324 accendas,
1167 2254 1241 2313 Alia
1255 2252 1596 2311 laada.Gouiundantur
1608 2248 1741 2323 superbi,
1750 2248 1801 2321 qui
1816 2246 1958 2319 iniquita·
2051 2266 2052 2269 ¹

253 2356 292 2401 ne
308 2340 502 2401 veniamusin
517 2330 734 2414 poenam.Quos
744 2359 817 2416 ergo
827 2343 972 2419 perspicis
980 2344 1079 2403 initia·
1133 2346 1192 2401 tem
1211 2342 1347 2400 lecerunt
1360 2342 1391 2399 in
1406 2356 1473 2399 me:
1496 2342 1528 2397 P.
1543 2342 1603 2410 ligo
1631 2343 1732 2396 autem
1757 2335 1917 2394 cremebor
1929 2336 1960 2391 iu

252 2435 318 2490 tum
329 2430 484 2506 passionis
502 2434 561 2488 turs
573 2431 682 2489 testum
699 2431 820 2491 devotis
837 2432 979 2491 cordibus
994 2448 1080 2491 exce·
1131 2430 1283 2489 mandatis
1295 2430 1361 2489 tuis.
1377 2428 1409 2493 tl.
1424 2432 1526 2488 Manus
1541 2434 1598 2485 tua
1612 2426 1744 2485 iecerunt
1756 2442 1813 2491 mc,
1843 2428 1872 2481 ct
1896 2424 1960 2497 pla·

130 2591 134 2600 Ι
253 2518 1080 2595 pisse‚racitoeospassionistuacommunicarsmttc-
1133 2522 1308 2577 amaverunt
1325 2534 1393 2576 me:
1412 2519 1453 2575 da
1475 2517 1549 2575 mibi
1563 2515 1757 2586 intellectum,
1785 2519 1818 2571 ut
1841 2514 1960 2572 discam

253 2606 416 2668 uebrarum
436 2610 609 2664 nostrarum
627 2622 727 2669 errore
750 2608 898 2676 discusso,
919 2608 996 2667 lucis
1021 2614 1080 2667 tua
1133 2607 1353 2667 mandaturus.
1370 2606 1401 2663 P.
1418 2609 1490 2678 Ego.

253 2695 426 2755 munimur
440 2694 590 2768 Presidio.
1169 2696 1282 2755 Oratio.
1296 2696 1358 2753 rtet
1371 2710 1423 2754 cor
1436 2692 1725 2761 nostrum,Domine‚
1738 2691 1770 2750 in
1785 2691 1843 2749 tuis
1850 2690 1959 2763 justifi-
2052 2694 2053 2729 t

288 2785 374 2843 Pater
387 2788 497 2841 noster.
1134 2784 1302 2844 dationibus
1337 2783 1585 2855 immaculatum3
1622 2786 1655 2839 ut
1690 2796 1745 2839 uec
1766 2778 1962 2851 intelligentia

290 2871 460 2931 llumilitate
477 2886 532 2929 vos
548 2870 760 2931 benedictioni.
1134 2890 1227 2947 prava
1234 2889 1291 2932 nos
1297 2872 1480 2947 polluat,ncc
1490 2870 1648 2946 dispositio
1657 2867 1959 2929 sinistracontundat.

290 2959 1081 3036 Benedictic.christusDominus,cujuspassionisvul·
1134 2973 1169 3036 rt.
1187 2966 1291 3020 Amen.

255 3063 330 3108 nera
340 3046 677 3120 gratissimaderotioue
685 3048 877 3122 praecinenda
885 3051 1081 3128 suscipitisli·
1095 3084 1117 3145 C
1169 3053 1318 3111 Psalmus.
1334 3049 1467 3110 lliserere
1482 3048 1542 3108 mei
1561 3050 1648 3108 Deus.
1666 3048 1779 3107 Totum.
2053 3099 2054 3130 ,

252 3133 885 3208 berosvosetflciatapassionibusrestris
898 3158 906 3210 3
921 3145 1076 3213 ladmen.
1172 3140 1268 3215 tyria,
1294 3140 1417 3199 eleison.
1445 3141 1568 3207 Christe,
1597 3139 1721 3198 eleison.
1757 3136 1855 3211 llyrie,
1887 3135 1958 3193 elei·
2053 3135 2054 3180 t

254 3227 290 3282 at
306 3224 627 3298 quiperassumptam
639 3223 1082 3304 caruemroluitcrucitigi,per
1135 3245 1202 3290 sou.

255 3311 420 3372 Divinitetis
444 3326 508 3368 suae
534 3313 694 3384 potentiam
719 3313 881 3388 participes
898 3331 954 3374 vos
972 3317 1083 3375 efficiat
1170 3318 1255 3378 Pater
1269 3321 1381 3377 noster.

255 3403 342 3477 regni
353 3402 418 3461 sni:
434 3413 466 3476 n.
485 3405 587 3459 Amen.
605 3403 641 3460 Ut
652 3401 684 3460 in
696 3403 783 3476 cuius
808 3405 949 3478 passione
967 3422 1083 3465 amara·
1170 3407 1283 3466 Preces.
1301 3404 1427 3466 Domine
1440 3404 1723 3464 misericordiarum.
1737 3407 1768 3462 P.
1780 3402 1964 3462 obliviscere

257 3494 351 3561 scitis,
366 3491 399 3550 in
414 3491 705 3564 ejusresurreotione
717 3490 892 3567 plenissime
912 3492 1082 3565 gaudeatis.
1135 3501 1259 3571 peccata
1277 3501 1389 3555 nostra.
1403 3494 1435 3559 t.
1459 3495 1515 3563 Qui
1532 3495 1657 3568 injurias
1678 3494 1775 3551 caruis
1800 3497 1913 3551 nostroe
1933 3492 1964 3548 iu

257 3595 290 3655 p.
308 3585 414 3638 Amen.
1135 3590 1322 3658 tuocorpore
1336 3583 1493 3659 pertulisti,
1516 3586 1546 3641 P.
1564 3583 1755 3641 Oblivisceris.
1779 3582 1811 3645 i.
1839 3581 1897 3648 Oui
1922 3581 1964 3636 ri-

294 3670 360 3726 Por·
1137 3678 1198 3733 tam
1211 3671 1399 3742 mortalibus,
1412 3673 1502 3730 coecis
1514 3671 1627 3740 tumen,
1643 3671 1781 3729 auditum
1792 3667 1894 3727 surdis
1913 3669 1964 3726 de

293 3755 410 3815 Lauda.
424 3755 570 3814 sederunt
583 3757 743 3832 principes,
759 3763 788 3817 et
801 3759 962 3818 adversum
976 3760 1084 3819 mede·
1136 3762 1215 3832 disti,
1235 3762 1266 3818 P.
1283 3759 1514 3824 erudisset.
1530 3761 1587 3828 Qui
1599 3760 1774 3818 vulneratus
1786 3775 1828 3825 es,
1843 3763 1876 3816 ut
1897 3758 1965 3816 vul-

258 3845 433 3905 trahebaut:
448 3859 551 3902 servus
570 3849 672 3904 autem
695 3851 765 3904 tuus
777 3848 809 3907 P.
829 3848 1026 3908 Exercebatur
1041 3849 1086 3907 in·
1136 3865 1210 3910 nera
1221 3857 1324 3909 nostra
1336 3865 1467 3914 curares,
1481 3849 1514 3906 P.
1530 3848 1760 3911 obliviscerer.
1777 3847 1833 3915 Qui
1859 3847 1965 3921 perdi-

260 3934 320 3994 tuis
335 3931 783 4007 justificationibusrueuibue
795 3952 883 3996 serso
896 3937 1059 4007 tuo,vivam
1075 3956 1082 3996 :
1138 3943 1201 3998 tum
1215 3939 1372 3997 hominem
1385 3954 1466 3996 nunc
1481 3937 1578 3994 crucis
1589 3942 1648 3994 tues
1672 3936 1812 4008 passione
1826 3933 1964 4001 redimis,

259 4030 289 4083 et
299 4021 468 4082 custodiam
490 4037 644 4082 sermones
658 4026 739 4083 tuos.
764 4025 799 4085 P.
828 4026 1027 4086 &arcebatur
1052 4026 1085 4086 in
1137 4027 1172 4086 P.
1190 4027 1379 4086 Obliviscere.
1399 4025 1433 4090 t.
1453 4025 1617 4093 Quidmori
1636 4024 1777 4098 dignatus
1804 4039 1847 4088 es,
1860 4026 1892 4078 ut
1905 4023 1966 4080 im·

259 4109 605 4186 tuisJ'ustiflcationibus.
1137 4115 1349 4174 mortalitatem
1375 4113 1550 4174 mortalibus
1576 4113 1773 4179 condonares,
1790 4115 1820 4169 P.
1836 4110 1967 4170 Oblivis-

294 4200 408 4260 Oratio.
423 4201 557 4260 ltominis
570 4201 625 4274 tui,
644 4203 721 4260 beas
742 4203 983 4276 magnitudinem
999 4203 1084 4263 dona
1138 4220 1214 4262 cere.
1229 4203 1262 4266 t.
1276 4204 1331 4270 Qui
1345 4207 1504 4276 peccantes
1517 4217 1579 4260 nou
1590 4201 1731 4273 judicas3
1747 4199 1801 4258 sed
1815 4199 1856 4259 ad
1870 4199 1967 4272 poeni-

258 4290 348 4351 nobis
367 4290 523 4348 oculorum
533 4291 712 4352 revelatione
720 4292 1031 4368 considerarezstque
1041 4293 1085 4350 iu·
1138 4293 1260 4352 mutiam
1274 4307 1451 4366 provocans,
1468 4295 1635 4365 exspectas.

261 4377 683 4438 colatusnostrihumilitatem
691 4379 1008 4440 afleramandatorum
1022 4396 1121 4480 ere·D
1190 4381 1303 4438 Oratio
1321 4380 1435 4436 Exaudi
1455 4381 1622 4437 orationem
1639 4381 1783 4438 nostram.
1796 4377 1855 4448 set.
1873 4380 1900 4434 ³.

261 4467 358 4526 ctione
373 4484 381 4537 3
394 4471 424 4526 et
432 4469 707 4542 concupiscentiam
722 4467 830 4526 mima
848 4470 1084 4528 commutatione
1419 4468 1469 4525 Ad
1483 4469 1679 4526 Matutiaum.

260 4556 482 4617 desideriorum
489 4555 690 4630 spiritualium
703 4555 734 4613 in
748 4569 786 4612 ea
795 4555 955 4628 perticere:
971 4553 1085 4612 autera
1172 4557 1316 4629 Hymnus.
1334 4557 1449 4614 AEterne
1463 4571 1573 4614 rernm.
1588 4557 1644 4628 sol.
1661 4561 1687 4615 3.

259 4647 350 4707 nobis
388 4650 600 4719 contemptum,
626 4650 655 4703 et
690 4643 911 4718 obprobrium:
949 4646 1085 4701 tuorum·
1174 4645 1287 4704 Oratio.
1300 4641 1845 4715 AEternumtellominumrerum.fol.
1861 4641 1929 4698 als.

259 4751 320 4810 qua
346 4733 439 4795 corda
451 4733 585 4794 fidelium
602 4747 716 4792 renova
734 4732 907 4808 operatione
929 4732 1085 4790 virtutum.
1173 4734 1360 4805 Antiphone.
1376 4733 1512 4802 llomine,
1527 4732 1600 4806 quid
1613 4732 1799 4806 multiplicati
1821 4733 1890 4786 sunt
1911 4729 1967 4802 qui

259 4827 412 4896 namen.
1138 4823 1456 4882 tribulantmetmulti
1467 4823 1625 4896 insurgunt
1635 4823 1861 4882 adversumme.
1875 4817 1969 4880 Psat-

294 4912 359 4969 Per.
1138 4927 1204 4970 mus
1217 4924 1257 4970 ιιι.
1299 4935 1304 4948 ·

294 4996 368 5057 Alia
381 4999 500 5062 Lauda.
515 4999 638 5060 adhaesi
652 4997 831 5059 testimoniis
843 4999 912 5066 tuis,
939 4997 1082 5056 bomine:
1171 5000 1359 5074 Antiphone.
1375 5003 1456 5060 Lava
1469 5015 1518 5058 me
1532 5001 1573 5058 ab
1589 4999 1733 5073 injustitia
1744 5013 1813 5057 mea
1826 4998 1922 5055 Deus:
1939 5001 1970 5054 et

258 5087 293 5146 P.
319 5086 385 5146 ticli
414 5103 452 5145 ne
475 5089 669 5148 contundere.
707 5088 742 5153 t.
762 5087 845 5147 Viam
870 5087 1085 5146 mandatorum
1138 5096 1291 5164 apeccato
1306 5088 1501 5147 meomuuda
1515 5105 1575 5147 me.
1590 5088 1759 5146 Psatmusc.

259 5176 387 5244 cucurri,
400 5192 471 5235 cum
484 5177 627 5238 dilatares
636 5193 689 5237 cor
702 5192 815 5236 meum.
829 5177 860 5233 P.
873 5175 939 5234 ltoli
952 5190 997 5232 me
1015 5189 1085 5234 con·
1172 5179 1350 5250 antiplona.
1362 5178 1503 5234 Paratum
1513 5191 1565 5232 cor
1584 5191 1698 5244 meum,
1715 5174 1802 5242 lteus,
1821 5175 1968 5248 paratum

257 5266 396 5325 tundere.
1137 5281 1317 5324 cormeum:
1334 5263 1474 5333 cantabo,
1490 5267 1517 5320 et
1532 5263 1671 5337 psallam.
1686 5265 1822 5322 Psalmus
1836 5278 1893 5320 um.

295 5356 410 5415 Oratio.
424 5355 469 5414 ab
483 5355 648 5430 iniquitatis
664 5353 711 5411 via
721 5353 990 5422 removallomiue,
1004 5366 1085 5424 gres·
1174 5352 1273 5428 254.
1286 5351 1389 5410 Oratio
1404 5353 1597 5423 Omnipotens
1613 5353 1746 5416 bomine,
1758 5351 1807 5408 cui
1824 5351 1855 5406 iu
1874 5349 1967 5406 coele-

258 5459 312 5502 sus
325 5452 457 5505 nostros:
475 5449 505 5503 et
515 5444 620 5504 itinere
630 5441 845 5501 mandatorum
856 5447 975 5500 tuorum
988 5444 1084 5500 statue
1137 5442 1233 5500 sbbus
1244 5442 1297 5499 rite
1312 5439 1434 5499 offertur
1455 5455 1577 5497 summa
1587 5441 1626 5499 ab
1640 5440 1760 5512 Angelis
1779 5439 1895 5512 gloria:
1914 5439 1966 5494 tri-

258 5546 383 5593 cursmn
396 5538 547 5596 nostrum:
562 5529 1084 5604 animamigiturpavimentotnhe·
1135 5530 1205 5605 bus,
1216 5538 1248 5591 ut
1264 5531 1296 5589 in
1310 5537 1338 5588 te
1357 5529 1394 5589 sit
1407 5528 1544 5602 gloriatio
1563 5533 1680 5589 nostra:
1697 5529 1851 5603 perveniat
1870 5524 1909 5584 ad
1935 5531 1966 5584 te
