4117 6175
242 179 308 236 toti

577 305 726 376 nomem,

347 393 470 452 Summe
484 391 651 460 Contesaor,
672 408 766 462 secer,
781 397 810 452 st
822 393 973 461 sacerdos,

311 482 491 553 Temporum
506 485 602 540 metas
614 487 681 540 rote
695 487 811 558 torquet
827 483 919 553 anni;

312 571 441 642 Tempus
453 572 498 626 eet
511 569 598 627 nobis
613 570 666 628 tibi
678 577 888 634 consecratum

526 658 669 729 Plangere
678 659 799 721 festum.

350 745 462 804 Presul
474 746 611 818 insignis,
622 748 796 822 meritisque
808 749 896 822 clere,

314 837 353 894 'ie
365 851 451 894 secra
465 835 550 904 Cleri,
575 837 740 910 populique
758 838 848 899 turbe

319 925 413 982 Corde
425 925 576 1000 prostrati,
592 926 702 999 pietate
718 927 814 986 multa

529 1014 657 1072 vernula
672 1015 801 1074 Patrem.

352 1101 428 1160 Vota
447 1108 625 1164 cunctorum
640 1105 757 1177 relegas
773 1106 804 1163 in
815 1106 886 1166 aule

316 1191 404 1264 Regis
418 1193 539 1252 oetomi:
556 1193 658 1252 tovecs
674 1198 837 1269 utrumque

319 1281 461 1344 ominem
477 1283 584 1355 ;cujus
597 1283 668 1357 pius
682 1284 802 1342 extitisti

550 1371 772 1430 Pastorinurbe

356 1457 527 1526 Questuhus
540 1460 654 1517 cunctis
665 1460 797 1535 referunt
813 1463 984 1532 gementem

321 1547 414 1606 Gestis
425 1547 595 1620 culparum,
610 1547 834 1623 lachrymisque
847 1549 986 1623 pendunt

875 173 1101 238 uuevleutttb
1121 173 1318 238 uourllcutt.

1078 299 1102 362 b
1152 301 1331 364 Benedictio.
1343 303 1604 364 ileriutereestum
1619 301 1780 362 beatissimi
1794 306 1911 366 iniistitis

1854 183 1910 242 illl

1117 395 1145 450 et
1157 391 1340 452 contessoris
1355 393 1449 454 suiN.
1461 390 1630 452 benedictio
1644 391 1759 448 domiui
1770 391 1912 464 largissima

1118 481 1218 537 veniet
1232 495 1395 554 supervos.
1406 493 1438 553 lp.
1451 485 1551 538 Arnen.
1565 479 1750 538 Orationibus
1768 482 1859 540 reetris
1876 499 1914 542 ec·

1119 569 1290 628 commodet
1300 585 1416 642 aurem,
1431 575 1460 630 et
1472 568 1650 643 petitionum
1668 574 1825 628 uestrorum
1835 573 1914 644 propi·

1120 658 1179 716 tius
1197 657 1339 720 exsudiet
1349 675 1476 732 precem.
1488 669 1523 730 tp.
1543 663 1647 720 tmen.
1663 657 1746 716 lliem
1760 657 1914 732 salutietcso

1121 747 1331 818 intercedente,
1345 747 1478 820 inhujus
1490 749 1654 806 vitaecursu
1667 746 1913 820 perambulantem

1122 836 1201 894 ulad
1211 837 1330 896 culmen
1345 837 1430 908 regni
1440 835 1568 898 cmlestls
1582 851 1687 894 omnes
1696 834 1776 894 illesi
1791 837 1916 909 parracio

1122 941 1201 984 mus.
1217 937 1251 997 lp.
1263 928 1369 986 Amen.

1160 1018 1229 1074 Per.

1160 1103 1276 1164 Laudo.
1291 1103 1507 1162 (terminabunt
1517 1119 1589 1162 osse
1598 1107 1651 1162 tue
1664 1101 1853 1176 quasiseliees
1862 1104 1919 1165 ille

1124 1192 1198 1260 luie,
1213 1193 1246 1253 P.
1264 1191 1486 1252 luxtetluentes
1497 1207 1607 1266 eques.
1625 1190 1750 1248 Alleluia
1773 1190 1884 1248 alleluia.
1895 1193 1919 1252 l.

1126 1283 1161 1338 Et
1171 1280 1226 1337 erit
1238 1285 1394 1354 tamquam
1408 1280 1534 1352 lignum,
1546 1279 1628 1354 quod
1644 1278 1922 1353 becsplentetemcc

1127 1370 1158 1426 P.
1171 1369 1424 1438 ouesisolicesul.
1442 1369 1550 1438 Gloria,
1567 1375 1597 1426 et
1610 1369 1719 1427 bonor.
1737 1369 1767 1424 P.
1784 1369 1874 1426 turta.

1165 1460 1276 1518 Oratio.
1295 1459 1512 1524 nominemus,
1528 1458 1580 1531 qui
1595 1456 1770 1516 beatissimo
1782 1457 1921 1514 Conlessori

1128 1552 1180 1606 tuo
1192 1553 1281 1621 etque
1293 1547 1427 1605 Pontifici
1441 1549 1473 1605 tt.
1491 1546 1607 1617 dedisti,
1627 1550 1741 1604 ulcero
1753 1546 1814 1618 ejus
1831 1545 1923 1618 requie·

322 1634 422 1713 [ccxx]
434 1637 576 1695 Pessime
586 1639 705 1704 mentia,
725 1640 895 1713 animeque
910 1639 1004 1712 nigro
1094 1651 1115 1710 Β
1131 1640 1273 1701 sceret,et
1281 1651 1337 1708 pro
1347 1635 1821 1694 neminisconleseionscoronem
1825 1633 1923 1709 justitie

552 1727 684 1784 Crimine
696 1727 764 1785 dire

358 1813 512 1886 ilignaque
522 1829 614 1886 poene
626 1820 748 1874 revocet
758 1816 790 1874 in
803 1831 859 1875 ors

322 1906 440 1970 Nostra,
457 1919 528 1962 cum
535 1903 602 1963 dira
611 1906 737 1964 miseros
756 1913 896 1980 perurget

323 1990 454 2050 Pendere
468 1993 595 2061 mundo,
606 1994 739 2052 vadante
750 1993 830 2054 iacta

573 2083 693 2142 Coelitus
705 2085 762 2142 irs.

360 2172 402 2228 Tu
414 2172 522 2244 procul
534 2187 623 2230 casus
641 2173 768 2246 prohibe
781 2173 911 2233 onmes
926 2192 935 2232 r

325 2259 546 2334 Pellepeccata,
562 2265 653 2321 tenum
673 2262 804 2320 furorem
820 2279 828 2319 ε

325 2349 418 2406 Pestis
428 2352 457 2406 et
470 2348 608 2416 morbus,
619 2350 762 2423 petimus,
776 2349 930 2421 recedent,

569 2438 684 2513 Sospite
698 2439 772 2497 cive.

275 2513 282 2526 ’
362 2526 867 2598 bioribuscultismoderaresitam,

328 2614 494 2690 contorque
507 2615 627 2684 sudem,
645 2617 860 2691 placidamque
877 2620 1028 2678 mentem:

328 2704 424 2764 Corda
438 2705 580 2764 virtutum
594 2707 775 2765 meditentur
789 2706 871 2766 elme

541 2798 661 2854 Munera
673 2796 791 2854 Christi.

366 2884 481 2949 Sancto,
496 2888 527 2940 tu
542 2884 654 2955 praebe,
664 2885 804 2958 quotiens
816 2885 944 2956 rogeris,

329 2969 460 3028 Produos
474 2970 597 3039 tructus,
613 2971 792 3047 pluviasque
808 2973 929 3043 largas:

331 3056 494 3127 Credimus,
509 3062 625 3127 cuncta,
636 3059 765 3119 Domino
786 3061 915 3133 favente,

554 3148 674 3205 Tedere
695 3164 790 3222 posse.

366 3233 521 3293 (lredimm
534 3234 683 3295 christum
694 3237 823 3311 pretium
837 3237 990 3310 laborum,

329 3324 489 3402 iteratum
501 3326 619 3401 juetum
632 3327 739 3399 clodus
751 3327 870 3391 dedisse
876 3347 887 3404 ;

330 3414 481 3489 siquibus
490 3430 543 3489 per
562 3421 645 3473 crtus
659 3417 750 3475 etiam
762 3415 881 3475 solutos

562 3507 660 3573 itorte,
674 3503 783 3574 bearis,

366 3592 495 3652 Gloriam
511 3592 626 3652 Christo
638 3594 742 3669 patulo
753 3610 901 3653 canamus

332 3683 388 3739 Orc
401 3684 554 3756 praestanti
569 3684 627 3741 sibi
642 3684 782 3743 servienti
798 3698 806 3752 ς

330 3772 423 3829 Tanta
438 3772 490 3845 qui
497 3772 588 3847 pollet
601 3773 713 3831 deitate
728 3773 868 3847 simplex,

481 3862 586 3918 Trione
602 3864 631 3919 et
654 3864 746 3919 Unus.
766 3864 871 3920 Amen.

295 3949 490 4021 snpplicatio.
506 3951 866 4024 dromusliedemptorem
875 3951 1087 4011 mundillomi-

258 4040 474 4096 numnostrum
486 4040 585 4096 lesum
595 4040 755 4109 Christum,
764 4055 834 4096 cnm
847 4040 1087 4115 omnisupplica·

259 4126 339 4184 tione
348 4141 491 4199 rogemus
504 4144 511 4195 ;
523 4132 558 4185 ut
567 4144 621 4203 per
635 4129 764 4200 gratiam
774 4128 880 4201 ipsius,
891 4132 920 4186 et
933 4129 1086 4203 perinter·

259 4216 425 4273 cessionem
437 4218 553 4275 Sanctae
562 4218 659 4275 Merite
671 4217 796 4288 virginis
804 4220 833 4274 et
846 4217 996 4288 genitricis
1008 4232 1083 4287 suae,

1130 1725 1273 1799 consequi
1284 1730 1384 1798 posset
1400 1742 1407 1782 ε
1427 1724 1572 1782 danobis
1587 1725 1715 1796 miseris,
1730 1731 1763 1781 ut
1774 1725 1823 1796 qui
1835 1723 1925 1780 cocles

1131 1816 1224 1873 sionis
1240 1815 1380 1872 meritum
1390 1809 1925 1886 nunbabemus,ejuspcecibusetmeri-

1132 1906 1169 1964 tis
1182 1903 1348 1963 vindictam
1372 1903 1520 1961 scelerum
1534 1901 1704 1960 evadamus
1720 1920 1727 1958 :
1744 1905 1771 1960 st
1785 1900 1854 1957 sicut
1870 1915 1925 1957 caro

1132 1993 1232 2068 eiuein
1248 1992 1432 2050 iniernonon
1447 1994 1492 2048 est
1504 1990 1652 2058 derelicta,
1670 1990 1724 2048 sed
1739 2006 1757 2049 e
1770 1987 1927 2062 corruptione

1132 2082 1286 2141 criminum
1302 2080 1406 2148 libera,
1417 2079 1532 2154 spiritui
1552 2083 1620 2152 post
1633 2080 1748 2138 sociata
1758 2093 1823 2150 eum
1835 2077 1927 2136 soccus

1134 2171 1188 2230 erit
1201 2171 1230 2228 in
1239 2170 1350 2244 gloriac
1367 2169 1408 2228 ita
1417 2171 1706 2242 nospeccatores,ut
1715 2166 1927 2229 subsolano,

1134 2260 1313 2332 Redemptor
1326 2258 1486 2316 criminum
1495 2257 1578 2330 jube.
1591 2269 1622 2330 tp.
1640 2260 1746 2314 Amen.

1170 2346 1476 2407 Permisericordiam.

1171 2439 1204 2494 ln
1223 2435 1354 2495 nomine.
1368 2437 1686 2494 Fictcemmsmorute'o.

1171 2524 1352 2598 Antiphone.
1370 2527 1507 2598 vespere,
1522 2539 1622 2590 mene,
1636 2528 1667 2582 et
1679 2523 1800 2582 meridie
1812 2525 1838 2580 te
1849 2518 1932 2578 leuda·

1136 2630 1206 2673 mus
1219 2613 1355 2672 Domine.

1173 2705 1285 2763 Oratio.
1300 2703 1428 2760 Domine
1437 2701 1782 2776 beusomnipotens‚qui
1795 2699 1932 2772 respeecet

1135 2808 1227 2853 mnne
1241 2797 1270 2850 et
1279 2791 1402 2850 meridie
1416 2807 1513 2850 unum
1533 2791 1614 2848 diem
1625 2792 1729 2850 vocari
1740 2789 1861 2865 iussisti;
1871 2790 1896 2844 et
1909 2789 1933 2842 ut

1137 2881 1182 2940 sol
1207 2885 1381 2952 agnosceret
1402 2894 1544 2938 occasum
1570 2895 1664 2938 suum
1680 2879 1844 2953 imperandi
1857 2873 1932 2949 speri,

1101 3006 1123 3065 C
1136 2969 1460 3044 quaesumus,tencbres
1469 2968 1798 3037 cordiumnosborum,
1813 2969 1851 3034 ut,
1864 2969 1932 3022 tere·

1136 3059 1248 3132 cliente,
1288 3072 1509 3131 cognoscamus
1544 3060 1693 3117 leticum
1719 3072 1818 3115 vuum
1852 3055 1933 3111 lunen

1137 3155 1291 3207 seminum.
1304 3159 1336 3219 tp.
1347 3148 1453 3205 Amen.

1173 3239 1227 3295 Per
1239 3236 1488 3297 misericordiam.

1175 3326 1207 3384 ln
1217 3326 1341 3383 nomine
1351 3326 1480 3384 Domini.

1174 3415 1312 3487 Sequitur
1324 3415 1508 3473 dialecticum
1517 3414 1608 3473 cuiue
1618 3414 1771 3487 precipue·
1795 3407 1935 3485 coelatoris

1140 3504 1339 3576 etpontiticr‘s.

1174 3594 1350 3663 Antiphone.
1371 3592 1544 3653 Labiemea
1570 3592 1700 3652 Domine
1716 3592 1847 3667 aperies:
1868 3590 1892 3647 et
1912 3598 1937 3641 οε

1140 3697 1242 3739 meum
1258 3681 1448 3741 annuntiabit
1463 3681 1584 3740 leudem
1594 3687 1693 3743 tuam.
1710 3682 1814 3741 Psolm.
1827 3696 1853 3737 c.

1175 3771 1352 3829 Reiteretur.
1365 3772 1454 3830 Labie
1468 3787 1536 3829 mea
1545 3772 1682 3831 Domine.

1175 3860 1286 3919 Oratio
1304 3861 1416 3918 laudet
1429 3866 1467 3927 te,
1500 3862 1637 3931 Domine,
1659 3860 1874 3934 linguenostrs,
1898 3868 1937 3911 an·

1140 3949 1307 4007 nuntiando
1316 3950 1444 4021 justitias
1468 3955 1552 4007 tuae:
1573 3954 1602 4007 et
1616 3951 1752 4009 exultent
1762 3950 1840 4008 labie
1852 3948 1936 4005 nostre

1140 4039 1291 4113 praeconio
1300 4038 1441 4107 veritatis,
1452 4044 1485 4095 ut
1498 4055 1560 4096 non
1572 4039 1777 4099 dissolventur
1790 4031 1936 4106 vaniloquio

1139 4126 1289 4185 falsitatis:
1308 4128 1405 4201 litqui
1418 4126 1817 4204 tibiconfitendo,lremissis
1834 4120 1938 4182 crimini·

1138 4214 1207 4284 bue,
1222 4217 1252 4275 in
1262 4214 1487 4274 tcexultemus:
1504 4216 1787 4290 incongregatione
1803 4217 1936 4288 iustorum

259 4309 288 4363 el
299 4306 393 4363 suncti
406 4307 445 4363 N.
458 4306 595 4381 Episcopi
605 4312 633 4364 et
642 4305 839 4373 confessoris,
852 4304 941 4362 nobis
955 4305 1083 4364 salutem
1140 4319 1226 4363 sscro
1240 4306 1360 4377 agmine
1371 4306 1576 4374 decantantes,
1590 4308 1658 4365 vite
1676 4308 1771 4365 beaten
1799 4302 1938 4363 efficiamur

259 4394 378 4460 enimse,
388 4400 416 4453 et
428 4396 572 4469 corporis,
582 4401 611 4452 et
621 4393 828 4451 remissionem
843 4398 1084 4466 peccatorum,et
1100 4367 1123 4423 D
1139 4394 1275 4452 heredes.
1287 4406 1320 4465 te.
1330 4399 1435 4451 Amen.

256 4498 363 4556 pacem
377 4482 800 4558 propitiusdcnaredignetur.
809 4492 842 4555 lp.
857 4484 1083 4543 Proestaoeterne

257 4573 445 4645 omnipotens
458 4576 546 4629 licus.

291 4660 379 4735 llyrie
392 4662 512 4719 eleison.
529 4672 562 4734 lp.
579 4658 692 4717 Christe
706 4660 829 4719 cleison.
841 4662 931 4736 Kyrie
950 4662 1075 4721 eleison.

292 4748 623 4821 uopttctcuul‘aterne
634 4749 798 4806 divinitatis
806 4756 971 4825 coneors‚et
978 4752 1083 4823 unige-

254 4836 1083 4914 niticonnereSancteSpiritus,tuamqrroesumus‚inbaec

254 4926 399 4984 sacrificia
412 4928 710 5008 vespertinaoppone
721 4929 925 4986 clementiam:
941 4928 978 4985 tlt
985 4928 1081 5002 plebs,

242 5013 547 5089 quetuumboncrat
554 5016 956 5085 Conlessorem,iamnlanter
967 5023 1083 5091 teque·

253 5119 369 5173 sumus,
384 5106 492 5163 sentiet
503 5105 534 5162 in
544 5107 697 5165 beneflciis
725 5106 916 5177 largitorem,
932 5122 989 5164 sue
1002 5106 1083 5182 quis·

238 5207 311 5267 que
324 5197 395 5251 vota
408 5208 439 5250 se
457 5195 624 5252 obtinuisse
639 5196 830 5267 congaudeat
843 5214 851 5268 3
865 5196 940 5255 dum
964 5198 1083 5256 Gonies·

250 5283 327 5340 soris
342 5282 645 5359 suiatquePontlticis
660 5284 698 5341 N.
715 5284 846 5342 recursis
868 5286 1079 5346 festivitatibus

236 5371 381 5430 'celebret
394 5371 540 5430 Natalem.

272 5459 368 5517 ¹l’ater
382 5465 492 5519 noster.
503 5460 629 5517 Liberali
637 5461 696 5530 sol.
711 5462 739 5516 2.

1174 4483 1229 4540 Per
1244 4482 1491 4541 misericordiam.

1173 4571 1347 4643 Antiphone
1363 4578 1387 4629 i.
1404 4574 1478 4629 Caro
1492 4588 1542 4631 me
1555 4574 1724 4647 requiescet
1734 4574 1764 4630 in
1779 4568 1938 4646 speetu

1138 4660 1221 4718 niem
1231 4676 1293 4717 non
1305 4660 1494 4735 derelinques
1505 4662 1641 4720 animem
1662 4678 1763 4721 meam
1776 4661 1806 4717 in
1820 4658 1934 4716 interno:

1135 4764 1192 4806 nec
1202 4748 1289 4806 debis
1305 4754 1443 4807 sunctum
1456 4754 1541 4809 tuum
1555 4748 1771 4827 videre[ocsxr]
1799 4742 1937 4817 corruptio·

1137 4853 1217 4894 nem.
1233 4836 1264 4899 il.
1281 4840 1370 4896 Notas
1388 4839 1461 4896 mibi
1476 4840 1571 4897 iecisti
1585 4840 1649 4897 vias
1666 4841 1745 4905 vite,
1765 4843 1793 4896 et
1820 4828 1936 4907 implebis

1142 4942 1186 4983 me
1200 4926 1300 4984 letitia
1311 4944 1375 4989 cunr
1389 4928 1473 4986 vultu
1486 4934 1538 4985 tuo
1554 4944 1560 4984 :
1573 4926 1786 4987 delectationes
1799 4928 1828 4983 in
1837 4925 1937 4981 dextera

1138 5017 1190 5074 lun
1202 5032 1298 5091 usque
1316 5016 1448 5074 induem
1464 5018 1511 5073 εΡ.
1529 5018 1677 5085 Quoniam
1696 5014 1935 5083 concordiaque

1136 5104 1168 5167 il.
1184 5106 1291 5174 Gloria,
1308 5110 1337 5163 el
1349 5106 1455 5164 bonor.
1478 5106 1506 5162 P.
1523 5108 1581 5165 Neo
1603 5107 1691 5164 debis
1716 5113 1847 5164 sunctum
1858 5106 1937 5191 tuum:

1173 5196 1286 5253 Oratio.
1303 5196 1523 5260 dominelleue,
1534 5196 1587 5270 qui
1598 5197 1771 5255 beatissimo
1791 5192 1936 5251 molosson

1136 5288 1188 5342 tuo
1196 5288 1285 5360 atque
1294 5285 1427 5343 Pontifici
1436 5286 1474 5343 N.
1483 5285 1714 5354 dedisti‚utcaro
1724 5280 1936 5358 ejuerequicsoe·

1135 5376 1190 5443 ret,
1207 5381 1235 5431 et
1252 5375 1453 5447 pronominis
1470 5375 1656 5432 contessione
1672 5389 1814 5433 coroncm
1833 5364 1935 5441 justitie

1136 5464 1402 5547 consequipoeset:
1419 5463 1728 5547 denoblsmiseris,ut
1741 5452 1934 5539 quioonlessio-
