4117 6175
1791 36 2035 102 ..1,

290 284 345 345 m
928 270 1158 332 aflavtattltltl
1177 270 1373 331 florulenti.
1931 278 1981 339 tlt

324 390 457 465 moesta
463 396 784 475 bominumquouism
795 396 894 457 bonus
908 397 1114 471 estpsalmus'
1130 397 1155 454 A
1205 397 1281 464 Quia
1294 398 1361 470 ipse
1367 396 1452 469 dixit,
1466 400 1496 456 et
1508 396 1589 456 laam
1601 398 1692 456 suat*
1704 396 1770 473 ipse
1788 398 1946 469 mandarit,
1955 410 1981 463 et

288 496 349 553 Deo
363 498 466 553 nostro
480 490 613 550 iucunda
627 490 665 547 sit
673 489 820 547 laudatio.
1169 492 1268 545 ereata
1284 491 1364 546 sunt.

323 582 484 641 AEdifioane
499 580 658 639 Ierusalem
674 577 837 638 Dominus·
856 580 886 635 et
897 574 1049 649 dispersos
1075 577 1116 632 ls-
1204 576 1308 633 Statuit
1321 592 1357 633 ea
1369 577 1399 633 in
1418 579 1568 645 amenum,
1587 580 1615 635 et
1643 577 1674 635 in
1691 576 1836 635 saeculum
1864 580 1978 639 smouli'

288 674 373 732 rahel
389 687 585 742 congregans.
1168 670 1347 738 preceptum
1362 665 1456 739 posuit
1474 670 1502 723 et
1525 682 1587 725 nou
1610 666 1772 739 preteribit.

325 763 382 829 Qui
397 758 726 819 sauateoutritosoorde
741 759 750 777 '
763 760 791 815 el
804 756 905 827 alligat
919 755 1113 813 contritiones
1206 754 1335 812 Laudate
1347 754 1508 813 Dominum
1521 772 1540 814 a
1555 760 1649 815 terra·
1673 757 1819 816 dracones
1838 760 1867 816 at
1885 773 1976 816 omnes

290 868 404 910 eorum.
1168 846 1280 919 abyssi.

324 941 379 1008 oui
396 944 527 997 numerat
542 938 758 995 multitudinem
766 936 921 993 stellarum
934 939 949 969 ⁸
961 940 991 993 et
1016 936 1114 991 omni·
1202 936 1280 1005 ignis
1291 933 1407 1004 grando
1415 934 1583 1005 nixglsaies
1591 936 1712 1009 spiritus
1724 936 1976 1011 tempestatis'qui

288 1031 346 1086 bus
360 1031 402 1085 eis
416 1030 540 1083 nomina
554 1032 650 1083 vocat.
1166 1025 1262 1081 facitis
1277 1023 1483 1080 verbumeius.

323 1118 415 1190 [axis]
434 1114 710 1185 Magnusbomiuus
722 1119 834 1179 noster,
854 1119 1004 1182 etmaana
1018 1112 1112 1169 virtus
1203 1113 1327 1181 Montes,
1343 1119 1372 1169 et
1381 1128 1486 1169 omnes
1501 1112 1590 1171 eolles
1606 1116 1614 1133 '
1628 1114 1711 1185 ligna
1725 1112 1917 1181 fructiferam
1929 1132 1977 1173 one

288 1208 351 1263 eills
370 1209 379 1228 ·
392 1216 419 1261 et
429 1206 655 1275 sapientiaeeius
668 1220 729 1261 nou
745 1210 789 1259 est
802 1219 955 1259 numerus.
1167 1218 1219 1259 nes
1230 1202 1320 1257 (aedri.

324 1294 469 1365 sempter
483 1300 656 1349 insinuatos
676 1295 839 1349 Dominus·
858 1293 996 1349 humiliat
1010 1298 1110 1347 autem
1202 1293 1315 1359 Bestiae,
1329 1296 1357 1348 et
1378 1292 1531 1351 universas
1544 1308 1654 1366 peoora
1665 1294 1676 1319 ⁶
1689 1296 1854 1367 serpentes,
1870 1299 1897 1352 et
1908 1292 1976 1352 rolu-

275 1404 324 1455 ’μυ
335 1392 458 1441 satores
480 1400 572 1456 usque
584 1385 621 1438 ad
637 1392 755 1439 terram.
1167 1398 1229 1437 ores
1260 1382 1400 1453 pinnatae.

324 1476 441 1541 insipie
452 1474 475 1527 D
488 1491 573 1527 ›miuu
584 1490 612 1525 ru
628 1471 816 1527 confessione
830 1473 837 1487 ‘
855 1470 969 1543 psallite
983 1471 1044 1525 lieo
1060 1486 1110 1525 no·
1202 1474 1292 1534 Renes
1304 1478 1397 1537 terrm,
1409 1470 1679 1547 etomuespopuli'
1693 1472 1844 1546 principes
1862 1478 1888 1530 el
1913 1472 1976 1530 ludl-

288 1574 348 1619 stro
364 1567 392 1619 tu
410 1564 504 1617 ‹eitbur
524 1606 530 1618 .
1165 1576 1213 1615 ees
1227 1567 1318 1615 terrae.

322 1654 373 1719 oni
403 1654 497 1724 operit
514 1653 623 1708 emtum
645 1650 789 1708 nubibua'
804 1656 832 1708 et
850 1656 937 1723 parat
949 1656 1033 1707 terra
1049 1650 1111 1722 plu·
1200 1650 1337 1713 iubenes,
1355 1655 1383 1706 et
1396 1650 1535 1722 virgines,
1561 1650 1693 1711 seniores
1713 1665 1782 1710 eum
1797 1651 1975 1709 iunioribus·

285 1743 378 1800 biam.
1126 1754 1149 1809 B
1164 1740 1285 1796 laudent
1301 1756 1410 1795 nomen
1428 1740 1556 1798 Domini.

322 1834 376 1897 Qui
389 1830 524 1901 protinus
555 1831 584 1885 iu
603 1831 755 1887 montibus
774 1829 888 1887 imnum
904 1831 919 1862 a
933 1835 961 1886 et
984 1830 1108 1885 herbam
1201 1832 1275 1894 Ouia
1295 1830 1625 1887 exaltatumestnomen
1636 1829 1699 1887 eius
1714 1830 1828 1889 solius'
1843 1830 1975 1894 eouiessio

290 1924 416 1973 ‹invit-ni
436 1922 603 1974 tronunurn.
1165 1918 1227 1971 «ius
1242 1936 1330 1988 super
1343 1921 1463 1977 roeitlm.
1476 1925 1632 1977 eilet'l'am.

322 2022 343 2073 it
370 2033 374 2049 ·
417 2045 420 2054 .
467 2030 522 2064 t'tti·
539 2024 688 2063 :inuam
705 2012 1110 2081 tpsovum·erpotis-voroa-
1202 2012 1229 2063 lji
1248 2009 1386 2064 ”aliialii
1403 2008 1832 2081 uurnupopuiisui'hymnns
1850 2010 1974 2066 omnibus

288 2118 352 2153 rum
370 2099 577 2155 :morantibus
598 2116 677 2153 uum.
1167 2105 1276 2153 stillulis
1291 2116 1355 2153 ersis
1371 2098 1437 2154 tiliis
1453 2098 1564 2172 populo
1585 2098 1843 2173 adpropinquanti
1857 2098 1918 2157 sibi.

320 2192 383 2245 Nou
398 2206 427 2243 ru
445 2188 557 2243 viribus
570 2190 639 2259 equi
655 2190 839 2245 voluntatem
853 2188 1109 2262 hasbaniumque
1540 2190 1637 2245 uxutx

284 2277 316 2335 in
333 2274 531 2335 taberuaoulis
551 2277 606 2332 viri
621 2276 842 2347 beneplacitum
858 2284 902 2333 est
916 2278 951 2333 ei.
1519 2276 1656 2334 Alleluia.

321 2366 541 2438 aeneptaonum
557 2368 601 2422 est
619 2362 747 2422 Domino
771 2382 861 2440 super
875 2367 1111 2425 limenteseum*
1201 2368 1321 2423 Cautate
1336 2364 1463 2423 Domino
1479 2366 1629 2424 canboum
1647 2365 1762 2424 nobum
1777 2363 1865 2424 ’laus
1877 2366 1973 2423 eiusin

284 2455 427 2520 eltutus,
443 2454 493 2528 qui
507 2459 628 2529 sperant
639 2455 676 2510 im
691 2454 896 2514 misericordia
909 2454 984 2513 eius.
1165 2456 1301 2513 lieolesiis
1316 2460 1502 2515 sanctornm.

642 2544 764 2604 CllLvll.
1200 2547 1324 2603 Lmtetur
1347 2545 1476 2603 lsraelin
1494 2561 1541 2611 eo,
1560 2545 1612 2619 qui
1633 2544 1701 2603 feeit
1726 2544 1828 2619 ipsum
1850 2546 1862 2569 '
1884 2546 1911 2602 et
1930 2540 1972 2599 lilii

637 2633 771 2691 Alleluia.
1165 2636 1246 2708 Syon
1265 2633 1398 2692 exultent
1408 2650 1497 2708 super
1510 2651 1608 2707 regem
1637 2650 1738 2693 suum.

473 2720 613 2795 Hymnus
641 2738 707 2780 eum
727 2723 780 2779 Dei
792 2723 930 2781 dictione.
1201 2724 1335 2782 Laudent
1347 2725 1533 2781 nomenoius
1545 2724 1573 2781 in
1586 2724 1678 2783 choro
1701 2724 1761 2783 'in
1781 2728 1929 2797 tympano,
1948 2722 1973 2779 el

317 2808 391 2873 Anu.
407 2814 593 2874 iherusalem
608 2813 700 2871 teudo
716 2813 896 2883 Dominum
916 2812 1008 2873 Deum
1027 2818 1109 2871 tuum
1164 2812 1300 2886 psalterio
1315 2814 1446 2887 psallant
1464 2814 1499 2870 ei.

285 2905 366 2977 Syna
380 2904 483 2964 lauda.
1200 2904 1275 2969 Quia
1290 2903 1560 2977 beneplacitumest
1569 2902 1696 2961 Domino
1705 2902 1737 2960 in
1745 2900 1917 2979 populosuo
1928 2902 1938 2929 ¹
1949 2900 1973 2959 ei

318 2994 423 3051 Lauda
437 2992 617 3050 iherusalem
632 2990 817 3051 Dominum·
842 2990 994 3051 conlauda
1016 2992 1110 3051 Deum
1164 2992 1304 3049 exaltabit
1316 2997 1488 3049 mansuetos
1509 2994 1541 3049 in
1553 2991 1658 3049 salute.

285 3089 370 3141 tuum
383 3084 479 3156 Syou.
1124 3117 1145 3174 c
1202 3080 1380 3140 Exultabunl
1390 3081 1522 3140 sanotiin
1536 3081 1650 3155 gloria*
1660 3085 1689 3141 et
1701 3080 1880 3141 letabuntur
1891 3080 1920 3138 iu
1929 3095 1970 3137 ru·

318 3175 467 3241 Quoniam
491 3171 670 3230 confortarit
692 3187 774 3229 seras
787 3176 939 3246 portarum
956 3176 1075 3231 tuarum
1094 3178 1109 3212 ⁸
1163 3169 1274 3228 bilibus
1288 3172 1360 3228 suis.

281 3263 434 3322 benedixit
449 3263 525 3320 tilios
542 3267 609 3320 tuos
621 3262 652 3318 iu
663 3266 705 3324 te.
1199 3261 1456 3320 Exultatiouesllei
1468 3262 1498 3318 in
1513 3261 1780 3320 iauoibuseorum'
1790 3265 1819 3320 et
1832 3259 1919 3332 gladii
1931 3257 1970 3316 bis
2032 3213 2033 3308 i

317 3355 373 3422 Qui
387 3353 487 3429 posuit
495 3353 571 3410 tinas
585 3357 651 3410 tuos
664 3354 794 3424 paoem*
807 3351 897 3427 adipe
906 3352 1047 3412 frumenti
1064 3371 1109 3414 sa·
1163 3353 1279 3410 aeutiin
1291 3349 1432 3410 manibus
1446 3367 1560 3410 eorum.

283 3444 411 3506 tiusssifl·
1197 3443 1242 3499 Ad
1256 3441 1591 3500 taciendamvindietam
1605 3437 1821 3500 lunationibus
1836 3439 1968 3512 'incupa
2030 3462 2031 3522 1

317 3529 648 3607 Quiemittitaloquium
660 3546 750 3590 suum
762 3533 847 3591 terrm
860 3533 869 3556 '
883 3532 1025 3593 velociter
1045 3551 1109 3594 eor·
1163 3531 1258 3591 tiones
1270 3531 1302 3589 in
1314 3532 1443 3605 populis.

281 3623 328 3685 nit
340 3639 440 3682 sermo
448 3623 524 3682 eius.
1198 3621 1243 3679 ed
1257 3621 1426 3694 alligandos
1439 3637 1524 3694 reges
1539 3637 1644 3680 eorum
1656 3619 1687 3681 iu
1702 3619 1919 3696 compedibus·
1946 3617 1969 3673 et

316 3715 373 3782 Qui
384 3713 436 3771 dat
446 3713 550 3771 nibem
560 3711 637 3771 sieut
647 3710 751 3772 lanam
763 3711 772 3734 '
785 3711 924 3772 nebulam
934 3711 1016 3772 velut
1029 3714 1107 3774 eine·
1161 3712 1277 3771 nobiles
1291 3727 1395 3770 eorum
1407 3712 1438 3769 in
1448 3711 1575 3771 vinculis
1591 3711 1704 3780 ferreis,

282 3819 348 3864 rem
363 3801 530 3876 adspargit.
695 3811 698 3818 '
1198 3802 1332 3860 Utiiatin
1346 3801 1546 3862 eisiudieium
1566 3801 1792 3878 conscriptum·
1812 3798 1965 3874 gloriabar
2027 3803 2028 3847 l

318 3892 374 3959 Qui
380 3891 487 3950 emittit
495 3890 658 3948 adstallum
665 3907 756 3950 suum
768 3895 913 3966 tauquam
919 3891 1107 3968 bissmpanis
1162 3895 1206 3950 eei
1218 3889 1361 3950 omnibus
1376 3891 1488 3952 sanatis
1501 3893 1576 3954 eius.
2026 3893 2027 3953 l

281 3984 370 4042 'anta
382 3981 488 4039 laaiem
503 3979 622 4051 trigoris
638 3981 701 4038 eius
716 3982 769 4056 qui
781 3980 928 4041 subsistit.
1543 3999 1598 4058 01„
2025 3995 2026 4061 1

313 4071 397 4132 uitus
413 4071 540 4128 rerbum
555 4086 653 4137 suum,
669 4076 698 4128 et
715 4069 886 4144 liquefaciet
900 4088 935 4130 aa
956 4072 1032 4130 'flet
1046 4069 1106 4147 spi·
1321 4075 1325 4084 '
1501 4106 1626 4168 Alleluia
2024 4087 2025 4170 1

279 4161 353 4221 ritus
368 4161 442 4228 eius,
455 4166 483 4218 et
497 4159 591 4217 fluent
609 4175 705 4233 aqum.
1629 4147 1637 4170 ⁸

313 4249 515 4308 Pronuneians
542 4247 669 4304 verbum
698 4263 784 4305 suum
801 4248 911 4309 laeob'
931 4249 1053 4322 iustitia,
1074 4255 1102 4310 et

279 4335 391 4398 iudicia
403 4353 458 4396 sua
466 4335 589 4396 israhel.

313 4430 379 4487 Non
389 4427 455 4486 lecit
462 4426 556 4484 taliter
568 4423 650 4484 omni
658 4423 773 4486 nationi
788 4427 852 4486 eius
864 4428 911 4488 'et
925 4427 1038 4490 iudicia
1050 4447 1105 4492 sua

277 4531 341 4579 Μ
354 4514 558 4577 mamremblt
568 4531 622 4574 ω’
1194 4575 1402 4634 Laudateeum
1413 4576 1526 4634 insono
1538 4574 1637 4632 lnba'
1650 4572 1772 4634 laudate
1787 4563 1954 4643 eumiupstl·

627 4623 764 4744 mni
1159 4664 1421 4738 adauctum.

612 4731 750 4792 11110Ῑωῦ·
1193 4753 1324 4812 Laudata
1342 4769 1412 4812 eum
1426 4754 1457 4812 in
1476 4757 1741 4829 tympano,atouro
1754 4753 1889 4814 'laudate
1901 4758 1956 4807 eum

467 4836 607 4913 Humane
628 4856 695 4900 mm
706 4839 763 4899 Dei
783 4839 923 4899 diutione.
1156 4842 1188 4901 ln
1202 4843 1309 4912 sordis,
1322 4847 1351 4902 et
1358 4858 1483 4915 organo.

310 4938 443 5008 Laudato
466 4949 624 5008 bominum
657 4946 696 5006 da
716 4946 952 5009 emlle'laudate
966 4962 1038 5010 eum
1067 4949 1100 5008 in
1192 4934 1322 4993 Lssudffl
1334 4949 1405 4992 ⁰⁰⁰¹
1417 4933 1449 4992 1¹¹
1461 4932 1706 5008 ⁰lfflb⁰ffl⁸b0¹¹⁰
1720 4934 1891 4994 8011111111)ὓῦ
1906 4928 1956 5024 111·

275 5037 411 5098 ΝΜ
1154 5021 1317 5098 date[1.xv]
1331 5039 1401 5082 eum
1414 5024 1446 5081 iu
1460 5023 1607 5098 eymbalis
1621 5023 1952 5086 imnauonum·omu⁵

308 5127 441 5187 Laudato
451 5143 531 5195 eum,
545 5142 651 5186 omnes
665 5126 764 5201 augeli
774 5127 837 5186 eius
852 5126 862 5151 '
879 5123 1002 5188 laudate
1011 5144 1095 5202 eum,
1154 5113 1275 5187 'pistilli
1286 5111 1386 5173 laudet
1397 5113 1571 5174 ”mimim-

273 5215 604 5277 omuesrirtuteseius.
1543 5205 1609 5264 0¹³¹·

309 5305 439 5364 Laudato
451 5321 521 5363 eum
539 5306 586 5365 sol
599 5305 709 5364 etluua
735 5302 880 5366 *laudata
896 5321 966 5367 eum
990 5325 1097 5370 omnes
1152 5308 1205 5370 Hie
1217 5311 1351 5370 remmus
1366 5309 1485 5385 proprie
1494 5309 1623 5384 scriptus
1633 5310 1665 5368 iu
1673 5310 1769 5370 David
1778 5315 1859 5368 extra
1869 5313 1948 5366 nunt

272 5393 366 5453 etellm
379 5394 528 5453 etlumen.
1186 5416 1254 5458 rum
1265 5417 1333 5458 eum
1342 5405 1493 5475 pugnator
1507 5404 1583 5458 esset
1595 5399 1740 5460 adsersus
1756 5399 1865 5460 Goliam
1876 5393 1946 5452 solus.

306 5482 441 5542 Laudato
453 5499 523 5542 eum
533 5481 599 5540 ooeii
611 5481 755 5542 emiorum
768 5485 919 5560 ‘etaquta
931 5503 999 5562 quae
1010 5505 1097 5563 super
1186 5489 1314 5547 Pusillus
1330 5505 1413 5548 eram
1431 5489 1508 5547 inter
1520 5489 1625 5550 iratres
1638 5487 1785 5550 meos‘el
1801 5486 1947 5550 adolescen-

271 5567 363 5629 ooelos
377 5576 458 5644 sunt,
468 5571 592 5632 laudent
603 5587 715 5634 nomen
729 5571 861 5634 Domini.
1151 5576 1209 5639 tior
1221 5579 1253 5638 in
1268 5579 1360 5641 domo
1372 5579 1465 5655 patris
1479 5579 1553 5640 mei.

1197 4213 1859 4275 LaudateDominuminsanetiseius'laudate
1869 4225 1928 4270 eum
1937 4207 1962 4264 in
2022 4195 2024 4288 1

1159 4305 1350 4364 firmamento
1364 4305 1479 4362 virtutis
1491 4306 1565 4363 elus.

1195 4395 1326 4453 Laudato
1344 4409 1414 4452 eum
1424 4394 1455 4452 in
1465 4393 1669 4468 potentatibus
1683 4395 1748 4454 eius
1758 4397 1771 4422 ''
1782 4393 1960 4452 laudateeum

1120 4477 1144 4535 D
1159 4485 1325 4546 seeundum
1340 4484 1563 4543 multitudinem
1577 4483 1796 4559 magnitudinis
1809 4484 1879 4542 eius.
