4117 6175
267 271 272 279 .
306 228 362 286 ers
934 192 1163 278 aanvlauiuu
1186 211 1383 284 eorutouu.
1965 221 2015 278 auc

343 350 435 410 itobis
446 349 529 408 enim
542 347 797 407 nonhnbentibus
807 344 1021 421 operaiustitie
1033 341 1134 403 :iustis
1149 348 1173 403 lt
1189 359 1227 400 ne
1242 352 1327 404 exeat
1336 347 1578 421 magniloquium
1601 363 1637 404 ex
1660 362 1711 404 ore
1725 349 1823 402 vestro
1839 362 1846 402 :
1869 345 2011 418 quoniam

309 439 421 512 quibus
434 441 504 495 sunt
517 453 610 511 opera
625 436 719 495 mulla
734 437 866 510 reposita
876 438 950 508 aput
960 430 1131 503 teDomine‚
1188 430 1268 490 Deus
1280 434 1402 492 scientie
1418 437 1561 493 Dominus
1581 439 1634 492 est.

307 541 347 586 ex
359 525 486 600 propriis
496 525 639 599 operibus
649 525 813 597 percipient
824 521 1005 580 mercedem.
1223 523 1357 597 Deusqui
1365 529 1452 598 parat
1463 523 1694 582 adinventiones
1707 539 1796 582 suas:
1808 537 1899 580 arcus
1908 527 2008 595 poten-

343 615 421 682 Duid
433 619 479 672 est
492 615 573 672 enim
587 614 681 672 bomo
690 616 725 674 ut
736 613 763 670 ei
777 611 941 684 indigneris
952 628 959 667 :
971 611 1025 668 aut
1037 623 1132 680 genus
1188 606 1435 668 tiuminfirmalus
1448 616 1493 669 est
1503 616 1532 670 et
1538 610 1648 668 infirmi
1659 611 1765 669 virtute
1778 610 1921 685 precincti
1932 615 2005 667 sunt.

301 703 499 778 *corruptibile
518 708 552 761 ut
565 703 606 762 ita
615 703 789 760 amariceris
800 703 837 759 de
849 703 926 776 ipso.
1220 697 1304 756 Pleni
1313 701 1443 774 panibus
1453 701 1592 760 minorati
1604 707 1673 759 suut
1684 718 1691 768 ;
1701 705 1732 759 et
1742 699 2006 758 esurientestrans

342 791 593 851 inveritateenim
604 807 695 849 nemo
708 792 747 848 de
758 791 865 862 genitis
875 795 919 846 est
930 788 1000 863 quis
1008 786 1130 843 nonim·
1183 783 1281 845 ierunt
1300 794 1421 849 terram.

297 883 472 956 ,piepcuitx
488 885 518 938 et
531 880 569 952 de
583 878 804 938 confidentibus
815 879 869 952 qui
880 892 942 934 non
954 874 1091 949 diliquid.
1219 876 1329 934 Sterilis
1342 880 1458 953 peperit
1468 883 1592 954 septem,
1613 878 1743 938 etietoss
1758 879 1790 935 in
1802 877 2003 936 tiliisinlirma

339 971 388 1028 Set
401 970 433 1027 in
449 969 594 1028 hocenim
603 968 835 1027 adnunciabitur
847 964 960 1024 iustitia
972 962 1128 1022 etbonitas
1181 964 1212 1021 te
1226 969 1280 1022 est.

301 1059 510 1128 tueDomin03
524 1073 621 1132 quum
629 1057 771 1116 misertus
790 1055 881 1113 lucris
893 1054 936 1112 eis
949 1052 1067 1126 quinon
1075 1050 1127 1108 ha·
1219 1053 1362 1114 Dominus
1377 1057 1535 1116 mortificet
1545 1061 1574 1117 et
1586 1055 1730 1116 viviticat:
1742 1057 1825 1114 ducit
1839 1055 1881 1112 ed
1901 1056 2004 1112 interos

266 1183 271 1192 ·
294 1147 590 1208 -bcntsubstentiam
602 1146 903 1219 bonorumoperum.
1180 1141 1339 1202 elreducit.

680 1237 759 1291 Lllll.
1217 1229 1361 1290 Dominus
1371 1249 1537 1308 pauperem
1551 1237 1579 1293 et
1594 1234 1718 1292 divitem
1733 1231 2005 1291 iacit1humilietet

466 1335 949 1382 ommeouuorsrnaurmorrourru
1179 1317 1300 1377 exaltat.

620 1409 757 1480 capitato
777 1409 822 1465 32.
1216 1411 1638 1487 Suscitaleterruinopem:et
1648 1412 1686 1470 ab
1701 1415 1829 1470 stercore
1837 1411 2004 1486 erigitpsn·

265 1537 269 1543 -
339 1494 649 1590 g-bvltlfflxsltabo.
1179 1517 1293 1576 perem.

333 1588 471 1647 Adtende
482 1586 581 1646 celum
593 1589 623 1645 et
630 1585 740 1660 loqum
753 1603 760 1639 τ
776 1584 880 1644 audiat
892 1587 970 1643 terra
981 1582 1075 1642 verba
1088 1599 1125 1641 01
1214 1593 1248 1648 Et
1262 1589 1365 1647 sedere
1390 1589 1461 1648 lacit
1473 1605 1542 1648 eum
1556 1590 1632 1662 oum}
1645 1592 1818 1665 potentibus
1845 1589 1968 1666 populi:
1979 1597 2005 1646 el

297 1692 350 1738 ere
364 1693 444 1737 mec.
1138 1692 1161 1752 D
1178 1681 1301 1738 tronum
1316 1677 1408 1750 glorie
1419 1679 1588 1738 hereditans
1603 1679 1655 1736 illi.

333 1766 607 1841 uxpccuturatcat
614 1764 721 1839 plubia
734 1763 886 1839 eloquium
896 1779 1018 1821 meum:
1036 1759 1123 1819 etde·
1214 1765 1270 1824 Dat
1282 1771 1385 1824 votum
1398 1767 1513 1825 obtanti
1525 1788 1531 1828 :
1544 1767 1735 1826 etbeuedicet
1749 1783 1848 1826 annos
1864 1768 1948 1825 iusti.

297 1856 419 1916 scendet
437 1854 676 1914 sieutrosverbo
690 1869 769 1913 mea.
1214 1854 1362 1923 Quoniam
1379 1856 1483 1912 nonin
1500 1854 1612 1914 viribus
1621 1861 1726 1930 polens
1737 1862 1781 1914 est
1789 1855 2000 1914 virzDominus

332 1945 541 2004 Sicutnimbus
552 1959 644 2018 super
656 1958 783 2017 gramm
796 1945 826 2001 et
838 1942 915 1999 sicut
925 1939 976 1998 nix
986 1954 1078 2013 supra
1085 1938 1124 1996 le·
1177 1942 1618 2002 inflrmumlacitadversarium
1626 1945 2000 2002 suumDominussanctus.

283 2049 372 2094 ¹urum
388 2052 398 2088 c
412 2031 560 2107 quonium
570 2047 681 2089 nomen
690 2031 809 2089 Domini
816 2029 954 2088 invocabi
966 2046 974 2083 ε
985 2028 1124 2085 datcma·
1214 2035 1278 2089 Non
1288 2031 1811 2106 glorietursapiensinsuasapientia
1821 2032 2002 2106 mequegto

282 2117 1122 2194 „culludinemDominoDecrestre‚Deusveraoperaeius,
1177 2120 1267 2177 rietur
1278 2119 1400 2177 diresin
1414 2121 1525 2178 divitiis
1539 2123 1618 2178 suis:
1633 2137 1731 2196 neque
1762 2119 1909 2192 glorietur
1922 2121 2003 2177 fortis

294 2212 327 2268 et
341 2222 448 2266 omues
461 2206 581 2267 riccius
591 2207 718 2264 iudicis.
1178 2208 1209 2265 in
1221 2207 1454 2267 fortitudinesua
1466 2231 1472 2269 :
1486 2209 1569 2267 setin
1580 2225 1616 2268 eo
1631 2210 1772 2282 glorietur
1781 2207 1835 2282 qui
1851 2209 2002 2280 gloriatur,

333 2296 412 2353 Deus
422 2295 521 2352 fidelis
534 2299 563 2352 et
577 2300 692 2353 nonest
700 2294 868 2368 iniquitatis
878 2294 909 2351 in
920 2307 973 2351 eo:
988 2292 1085 2350 iustus
1096 2295 1125 2350 et
1178 2297 1254 2353 scire
1268 2297 1294 2352 ei
1305 2295 1469 2369 intelligere
1481 2299 1652 2366 Dominum,
1669 2298 1805 2355 etlacere
1819 2297 1968 2355 iudicium
1980 2302 2005 2354 el

297 2389 423 2445 sauctus
432 2383 589 2442 Dominus.
1178 2381 1321 2440 iustitiam
1336 2391 1561 2458 superterram.

332 2470 753 2531 Peccuberuntnonnebiiillii
764 2471 952 2529 immaculati
963 2469 1124 2544 progenies
1152 2486 1155 2495 ·
1215 2472 1360 2529 Dominus
1374 2475 1510 2534 ascendit
1521 2476 1552 2531 in
1566 2476 1645 2533 celos
1658 2481 1686 2532 et
1700 2479 1784 2533 tonat
1798 2479 1847 2532 :et
1858 2473 2004 2547 ipseindi·

296 2561 603 2638 prebeetperrersa:
631 2560 685 2617 bec
711 2559 840 2617 Domino
865 2559 1026 2617 retribuisti
1049 2560 1125 2616 sicut
1178 2557 1259 2616 sebit
1273 2567 1406 2620 extrema
1420 2569 1504 2620 terre.

298 2651 427 2727 populus
439 2648 540 2707 ialuus
554 2653 584 2707 et
600 2664 664 2706 non
674 2648 803 2721 sapiens.
1213 2648 1319 2705 Potens
1330 2655 1375 2710 eat
1401 2655 1430 2708 et
1443 2651 1494 2709 dat
1524 2652 1663 2710 virtutem
1685 2651 1808 2726 regibus
1831 2651 1946 2710 nostris
1957 2671 1966 2708 ι
1978 2655 2003 2707 el

330 2742 438 2800 Nonne
451 2737 503 2795 hie
516 2737 582 2811 ipse
592 2741 676 2810 pater
691 2741 762 2794 turos
771 2751 781 2794 s
791 2737 844 2811 qul
853 2735 987 2811 possedit
1000 2736 1068 2793 lecit
1094 2739 1124 2794 et
1177 2735 1317 2794 exultabit
1327 2739 1535 2797 cornuchrlsti
1546 2741 1603 2799 sui.

299 2827 413 2888 creabit
426 2833 464 2887 te.
1542 2831 1628 2887 lxlv,

335 2914 621 2978 commemoremini
632 2914 697 2972 dies
712 2913 827 2973 anticos
838 2933 845 2968 ε
857 2913 1010 2986 intengite
1024 2929 1122 2973 anuos
1212 2911 1355 2988 [uxxxvu]
1368 2931 1503 2976 eluricuu
1529 2935 1562 2974 nr
1580 2935 1662 2976 trano
1694 2933 1924 2976 rlaaurrousrort
1946 2936 1966 2976 r.

274 3045 278 3052 ·
299 3005 502 3079 generatiopis
516 3007 546 3061 et
556 3004 795 3074 generationum.
1139 3049 1164 3112 G
1492 3006 1627 3079 capitulo
1649 3011 1693 3064 ie.

335 3095 487 3163 interroga
499 3096 741 3165 patremtuumet
753 3092 942 3152 adnuntiabit
948 3093 1001 3150 tibi
1012 3094 1121 3150 :senio-
1216 3072 1252 3180 Ξ
1266 3093 1351 3151 Lllltt.
1367 3094 1478 3152 Exitus.

277 3186 431 3248 mertuos
445 3182 471 3239 si
483 3179 657 3239 dicenttibi.
1215 3185 1289 3238 Ana.
1305 3182 1341 3239 ln
1356 3188 1505 3240 monetur
1531 3184 1654 3242 Domine
1667 3184 1761 3241 virtus
1773 3189 1799 3241 ct
1823 3187 1961 3255 potentio
1976 3188 2002 3243 is

336 3272 436 3339 Duum
453 3268 614 3345 partiretur
645 3268 806 3327 altissimus
830 3268 967 3327 nationes
991 3270 1125 3340 gentium
1179 3282 1269 3325 mona
1285 3276 1337 3329 tuo
1351 3272 1566 3343 mopniludoet
1580 3274 1732 3345 imperium
1754 3274 1893 3330 omnium

299 3358 560 3435 quemadmodum
577 3356 719 3430 dispersit
741 3356 819 3415 lilios
831 3356 1019 3423 Ad03statuit
1034 3358 1126 3414 termi·
1219 3358 1396 3417 Benedictus
1405 3358 1549 3417 Dominus
1567 3362 1643 3417 Deus
1657 3360 1762 3418 srahel
1773 3362 1866 3435 patris
1879 3362 2002 3419 nostri:

300 3462 358 3507 nos
369 3448 504 3521 gentium
518 3445 686 3504 mundum
698 3460 859 3503 numerum
871 3446 1047 3517 angelorum
1064 3447 1124 3505 Dei.
1179 3450 1219 3509 ab
1231 3455 1333 3507 eterno
1346 3453 1375 3505 et
1386 3464 1484 3521 usque
1495 3448 1525 3505 in
1535 3454 1647 3505 eterno.

337 3539 427 3595 Facta
439 3541 484 3595 est
494 3535 592 3609 portio
607 3534 726 3592 Domini
738 3534 868 3609 populus
881 3535 947 3591 eius
957 3535 1050 3593 taoob
1066 3536 1125 3593 :lu-
1212 3541 1275 3596 Tua
1287 3539 1331 3593 est
1346 3536 1469 3593 Domine
1478 3536 1700 3607 magnificentia
1711 3538 1877 3611 etpotentia
1888 3538 2005 3611 :algle-

300 3625 435 3683 niculum
444 3624 617 3684 hereditatis
627 3640 681 3681 sue
700 3623 813 3682 srahel.
1177 3627 1223 3685 ria
1236 3626 1335 3697 adque
1345 3624 1468 3682 victoria
1478 3630 1507 3682 et
1521 3625 1572 3682 tibi
1587 3626 1664 3682 laus.

338 3712 556 3774 Sufficientiam
569 3712 653 3770 dedit
666 3712 732 3769 siin
746 3716 824 3773 terra
847 3712 964 3770 deserta
978 3733 985 3769 :
1000 3712 1031 3769 in
1045 3712 1124 3771 sitim
1214 3716 1326 3772 Cuncta
1339 3712 1485 3786 cnimque
1495 3714 1525 3769 in
1540 3712 1721 3787 colossique
1733 3714 1763 3771 in
1773 3718 2002 3781 terra.tuasunt

300 3800 408 3861 caloris
422 3800 475 3858 ubi
492 3814 552 3857 non
566 3804 629 3856 erat
642 3815 733 3873 aqua.
1212 3804 1307 3859 Tuum
1326 3800 1450 3858 Domine
1466 3816 1594 3872 regnum
1609 3820 1615 3859 :
1629 3806 1659 3860 et
1672 3807 1705 3859 lu
1731 3818 1764 3859 es
1784 3818 1872 3877 super
1893 3820 2001 3863 omnes

277 3930 282 3940 .
335 3888 540 3950 circumduxit
553 3893 582 3945 et
595 3888 718 3945 docuit:
737 3893 767 3946 et
780 3888 944 3948 custodibit
953 3906 1024 3948 eum
1049 3890 1124 3951 sicut
1176 3891 1337 3967 principes.
1811 3955 1816 3965 ¹

298 3977 444 4055 pupiDam
458 3976 546 4035 oculi.
1211 3982 1271 4037 'lue
1282 3978 1382 4036 divitie
1392 3983 1420 4035 et
1433 3982 1539 4036 tua'est
1547 3978 1663 4052 gloria:
1678 3984 1707 4037 et
1719 3983 1751 4038 tu
1763 3978 1929 4038 dominaris
1940 3998 2002 4041 om-

333 4065 1123 4143 Sicutaquilaprotegetnidumsuumetsuperpullos
1176 4069 1277 4128 nibus.

294 4154 551 4215 suoseonrcendit
562 4154 716 4227 :expandit
728 4153 792 4211 alas
804 4171 875 4212 suas
886 4160 914 4213 et
924 4157 1055 4230 suscepit
1068 4172 1120 4215 eos
1211 4160 1244 4214 ln
1258 4160 1408 4215 manutua
1421 4154 1545 4214 Domine
1553 4156 1644 4215 virtus
1658 4160 1687 4214 et
1700 4157 1832 4231 poleam
1846 4176 1853 4228 ;
1868 4158 2001 4217 inmunu

295 4250 325 4305 et
339 4243 533 4317 superposuit
545 4243 674 4317 scapulis
693 4244 766 4299 suis.
1175 4250 1226 4304 lua
1245 4246 1421 4317 magnitudo
1433 4244 1638 4317 et'imperium
1653 4246 1803 4305 omnium.

330 4333 475 4393 Dominus
490 4333 572 4392 solus
586 4331 754 4391 deducebat
766 4347 838 4389 eos:
854 4336 883 4388 et
893 4346 957 4390 non
972 4339 1036 4393 erat
1050 4349 1119 4395 cum
1209 4337 1292 4391 Nunc
1301 4332 1391 4405 igitur
1408 4334 1534 4392 Domine
1560 4335 1638 4391 Deus
1670 4338 1774 4392 'noster
1792 4334 2003 4395 confitebimur

293 4422 338 4484 eis
348 4422 426 4483 Deus
440 4422 567 4485 alienus.
1132 4397 1156 4451 ⁰
1175 4422 1242 4480 tibi:
1258 4426 1287 4479 et
1302 4422 1493 4481 laudabimus
1506 4437 1617 4480 nomen
1629 4427 1715 4481 tuum
1728 4423 1875 4482 inclitum.

664 4526 758 4583 prp,
1208 4510 1344 4583 Quisego
1361 4516 1414 4569 aut
1426 4512 1494 4586 quis
1516 4513 1648 4586 populus
1670 4528 1777 4571 meust
1798 4518 1832 4572 ut
1850 4516 2001 4589 possimus

434 4648 574 4694 canneru
589 4648 660 4690 urar
674 4646 708 4687 or
718 4647 798 4689 niano
808 4646 942 4694 sauusus
951 4648 972 4692 t.
1170 4597 1225 4658 fibi
1239 4600 1295 4657 ¹¹⁶⁰
1311 4600 1449 4703 unimfa
1462 4600 1662 4702 pr⁰¹¹Jm⁶f⁶²

573 4738 711 4813 capitulo
724 4742 743 4795 2
1205 4689 1268 4747 Tua
1288 4694 1452 4837 sugtdemm
1462 4706 1565 4837 cama
1579 4708 1587 4748 :
1601 4694 1630 4748 et
1641 4706 1702 4765 que
1716 4690 1754 4749 dc
1768 4707 1864 4750 manu
1883 4696 1938 4751 tus
1953 4710 1998 4751 eo·

746 4780 753 4796 '
1168 4778 1306 4850 cepimus
1341 4779 1460 4836 cimus
1489 4780 1494 4791 '
1519 4779 1538 4837 i.

323 4845 359 4947 ξ
376 4860 452 4921 bltll.
469 4859 501 4917 ln
515 4857 647 4916 deserto.
1196 4865 1356 4939 Peregrini
1379 4867 1462 4926 enim
1483 4886 1621 4928 summus
1634 4885 1737 4929 coram
1750 4874 1797 4928 te:
1824 4874 1854 4931 et
1879 4870 1994 4930 advene

320 4950 538 5009 confirmemm
551 4951 657 5007 estcor
667 4961 770 5006 meam
782 4944 815 5003 in
831 4943 962 5004 Domino
977 4945 1113 5005 :ereru-
1167 4954 1243 5013 sicut
1255 4972 1361 5015 omnes
1375 4962 1475 5031 patres
1487 4960 1591 5017 nostri.

283 5041 379 5097 talum
394 5043 439 5096 est
452 5051 579 5095 cornum
591 5026 729 5094 meumin
740 5038 799 5092 Deo
814 5031 938 5090 salutari
953 5048 1036 5092 meo·
1201 5044 1266 5103 Dies
1281 5044 1375 5104 nostri
1388 5048 1475 5119 quasi
1494 5047 1603 5107 umbra
1615 5051 1821 5123 superterram
1837 5049 1989 5109 :estnullu

315 5127 534 5187 Dilatatumest
546 5125 604 5184 hos
621 5141 743 5193 meum;
759 5136 849 5197 super
861 5121 1000 5180 inimicos
1012 5138 1109 5183 meos.
1165 5137 1210 5191 est
1224 5150 1318 5193 mora,
2057 5126 2058 5137 ³

314 5217 399 5275 letor
413 5231 471 5287 ego
489 5216 520 5273 in
532 5213 686 5272 sanctitate
708 5218 759 5269 tua
776 5210 850 5285 quis
873 5226 935 5267 nou
965 5217 1009 5269 est
1029 5213 1108 5270 alius
1146 5240 1150 5247 ·
1199 5222 1323 5281 Domine
1339 5224 1736 5300 beuslbraham,ltsaac,et
1752 5224 1857 5285 srahel
1871 5232 1985 5301 patrum

276 5306 359 5364 Deus
373 5302 529 5378 quomodo
542 5308 584 5371 tu,
597 5316 652 5358 nec
663 5304 707 5357 est
717 5302 996 5373 sanctuspreterte:
1008 5306 1107 5359 alnou
1162 5318 1332 5370 nostrorum
1348 5330 1355 5370 :
1372 5315 1489 5373 custodi
1503 5316 1534 5373 in
1554 5322 1690 5373 eternum
1707 5316 1787 5373 hano
1802 5316 1984 5377 volunlatem

275 5399 321 5453 est
332 5393 429 5461 iustus
440 5394 538 5463 preter
552 5390 647 5447 Deum
657 5390 802 5445 nostrum.
1160 5397 1259 5455 cordis
1275 5401 1377 5474 nostri,
1388 5406 1416 5463 et
1430 5418 1549 5481 semper
1561 5404 1752 5465 veneratione
1762 5410 1815 5465 tue
1831 5422 1918 5465 mens
1933 5406 1984 5463 ists

308 5478 404 5544 ltolite
419 5477 540 5554 gloriari
552 5480 580 5536 et
590 5475 681 5537 nolite
704 5474 766 5535 alte
777 5472 862 5554 loqui
874 5475 907 5533 in
921 5477 1063 5555 supervie
1076 5482 1106 5537 et
1159 5496 1346 5565 permaneat.
