4117 6175
117 321 188 380 rore

29 392 31 443 l

28 500 30 535 ;
153 449 261 507 Forent
274 448 384 519 coacti;
399 461 468 508 cnm
483 453 548 523 iam
562 456 633 512 tune
646 455 834 515 credentibus

150 538 307 612 Baptisma
321 540 421 596 cuncti
433 549 657 616 consequantur
673 546 782 620 aptius.

187 627 272 696 Quod
280 627 335 685 rite
353 627 466 687 lactum
485 631 649 690 crediditet
661 633 801 692 Claudius

149 717 231 776 itatis
246 732 315 775 cnm
325 716 437 786 charis,
451 723 480 777 et
495 735 565 777 cum
583 721 677 780 chara
687 725 835 798 coniuge:

149 806 418 881 ilumPclycarpus
439 808 606 868 advocatus
618 806 786 888 Presbyter,

150 896 207 964 Qui
216 902 449 970 persequentum
464 902 527 956 erat
547 902 630 957 metu
643 900 773 972 latitans,

148 986 201 1044 llic
212 985 403 1061 baptizandis
418 1003 530 1045 nomen
553 987 626 1047 dare
639 989 779 1066 imperat.

181 1077 267 1134 nuuc
280 1091 392 1134 nomen
410 1077 517 1135 dantes
530 1077 664 1137 universi
675 1081 842 1158 proprium,

144 1164 280 1223 sexdena
294 1169 324 1223 et
336 1167 404 1224 octo
420 1169 619 1242 utrorumque
636 1184 761 1229 seruum

144 1254 203 1312 Per
215 1269 285 1312 cum
299 1253 381 1312 tincti
395 1258 465 1313 sunt
474 1256 526 1330 pio
548 1255 579 1312 in
590 1258 725 1330 gurgite:

145 1345 180 1401 ut
191 1343 256 1416 Jam
266 1343 361 1401 renati
376 1343 550 1402 subdivina
564 1346 669 1419 gratia

144 1432 213 1489 Dies
222 1447 276 1506 per
289 1432 394 1491 decem
414 1432 484 1490 lata
496 1434 632 1509 psallunt
646 1437 775 1498 canica.

179 1523 281 1579 Roma
294 1521 451 1580 Proiectus
466 1519 549 1580 urhis
564 1524 619 1581 sed
626 1525 794 1584 mamutius

143 1609 191 1668 Ad
201 1611 414 1669 sciscitandum
426 1611 563 1670 socatsic
578 1616 826 1690 Tranquillinum.

149 1703 204 1770 Qui
218 1702 256 1759 de
270 1705 411 1758 natorum
418 1700 530 1759 diceret
541 1703 682 1772 arbitrio;

139 1794 307 1865 Fidemque
322 1790 430 1847 Christi
440 1791 482 1847 illi
494 1792 581 1864 plene
597 1793 753 1865 intimans,

138 1887 243 1959 ipsum
256 1878 406 1937 credendo
422 1883 729 1942 sasenatumiudicat.

173 1969 397 2043 Cujusedoctus
423 1969 567 2046 sospitate
583 1971 703 2042 arbiter,

134 2061 239 2120 Venire
249 2057 463 2116 Sanctosiilico
477 2059 554 2116 clam
571 2062 707 2135 precipit
721 2079 730 2118 t

132 2149 279 2208 venalem
292 2163 424 2221 pensans
443 2163 508 2205 esse
520 2149 629 2207 Christi
644 2153 782 2221 gratim

130 2237 303 2313 Despondet
315 2237 380 2295 auri
395 2236 512 2295 inlicita
526 2239 673 2311 pondere,

132 2334 222 2387 hrtus
237 2325 350 2383 mederi
367 2325 528 2399 languidos
549 2329 729 2400 expostulat.

172 2420 237 2474 Non
250 2415 308 2472 hoc
320 2413 409 2487 potiri
418 2413 613 2488 distragendo
629 2418 744 2490 opines,

132 2506 194 2564 Nisi
205 2505 353 2561 Christum
366 2503 472 2560 credas
491 2505 586 2578 prius,
603 2507 704 2564 Sancti
712 2508 869 2582 inquiunt:

131 2599 195 2653 Tuo
203 2593 321 2650 medela
334 2591 389 2650 erit
407 2592 491 2650 nulla
519 2595 655 2668 corpori;

132 2683 227 2742 Adest
240 2683 315 2755 ipse,
329 2686 418 2738 vocet
430 2682 532 2739 statim
555 2683 669 2740 Praeses
681 2684 812 2753 credere,

131 2770 373 2845 adempteemni
387 2771 517 2843 pectoris
536 2771 708 2831 tormidine.

166 2859 223 2916 Sed
233 2874 303 2916 mox
316 2857 432 2915 heatior
443 2858 538 2916 cernit
555 2873 627 2915 eum
660 2860 831 2930 commode,

127 2946 334 3005 Deorumflcta
349 2945 433 3019 prius
443 2952 579 3003 monstra
591 2947 740 3020 frangere,

125 3037 279 3096 Culturam
293 3051 403 3109 nempe
416 3037 540 3093 noxiam
551 3051 671 3094 omnem
686 3037 809 3112 pellere,

125 3128 245 3185 cunctis
253 3126 367 3184 delictis
382 3126 515 3183 abnuere
524 3128 660 3199 protinus
676 3144 683 3184 ε

126 3216 213 3283 ouod
227 3220 261 3272 ut
270 3220 388 3285 agatur,
396 3220 480 3288 optat
489 3215 539 3271 ille
561 3216 739 3289 promptior.

163 3308 200 3361 at
218 3308 288 3361 tunc
300 3310 457 3377 coeperunt
472 3306 615 3377 ilartyres
625 3310 777 3363 conterere

125 3392 256 3451 Delubra
266 3408 346 3450 vana
360 3394 460 3466 operis
478 3392 666 3451 mechanici:

125 3485 258 3541 Decorus
272 3480 372 3539 adstat
381 3482 501 3552 juvenis
521 3482 684 3549 cromatio,

126 3572 183 3639 oui
195 3575 303 3629 cuncta
316 3576 411 3639 curat,
422 3570 520 3641 solvit,
535 3574 564 3627 et
591 3571 773 3644 podagricos

126 3660 227 3717 Nodos
238 3674 369 3733 superno
386 3660 524 3733 protinus
550 3660 706 3719 calathico.

162 3748 329 3805 sebastiani
342 3747 468 3821 provido
488 3748 614 3805 consilio

123 3841 207 3895 Tunc
225 3837 362 3907 egreteri
375 3836 499 3894 aemulat
513 3836 705 3894 Cremutius:

126 3925 235 4002 [exciri]
250 3925 408 3983 Praefectus
421 3926 464 3982 rei
474 3927 548 3983 alter
558 3930 598 3983 eit
607 3926 756 3999 publicem

122 4015 248 4088 Abjecta
259 4014 366 4071 mundi
380 4013 466 4071 istius
479 4018 510 4071 ut
524 4015 693 4089 dispendia,

122 4106 234 4162 Futura
247 4103 314 4160 vitae
327 4102 501 4161 rudimenta
516 4104 646 4177 capiant.

158 4192 256 4249 Credit
270 4196 434 4266 compatre
447 4192 544 4249 dulcis
554 4197 584 4250 et
594 4193 753 4260 Tiburtius,

121 4280 389 4360 Omnisquecredit
402 4283 525 4356 propria
542 4280 670 4349 iamilia,

121 4372 234 4439 Quater
244 4375 273 4428 et
288 4372 366 4427 dena
383 4372 495 4427 centies
511 4371 685 4444 promiscue

119 4461 213 4517 Sacro
229 4459 333 4517 abluta
345 4459 466 4518 lavacro
480 4460 665 4527 discrimina,

120 4548 404 4623 Charismatumqne
428 4555 652 4623 consequuntur
666 4547 807 4620 gratiam.

653 329 899 392 sanctourm.
918 365 953 381 -
968 337 1082 398 Pasti
1098 337 1275 398 incubitu.

960 465 984 522 A
1038 469 1073 525 itt
1088 466 1156 541 quis
1170 466 1208 524 de
1217 463 1275 524 illis
1289 463 1344 520 iret
1358 474 1428 520 cum
1455 461 1594 520 euntibus
1602 475 1611 534 ς

1036 552 1094 610 Sed
1113 553 1205 611 ambo
1221 553 1362 626 quarunt
1388 549 1539 624 passionis
1555 549 1715 611 braviumr

1035 641 1152 700 inurbe
1166 640 1258 699 ambo
1283 639 1412 696 residere
1428 639 1577 696 ambiunt.

1070 727 1183 790 Sumus
1198 728 1253 786 sed
1266 728 1361 802 Papus
1377 727 1561 801 polycarpus
1586 729 1769 797 commonet,

1033 817 1069 876 llt
1080 817 1266 892 adquisitam
1275 815 1394 889 plebem
1411 815 1503 874 nollet
1514 815 1661 890 linquere,

1030 905 1185 966 Nouellum
1198 905 1306 964 Christi
1316 919 1383 963 rore
1408 905 1462 962 ubl
1474 905 1584 977 inriget
1599 921 1607 963 r

1029 998 1097 1055 lica
1109 995 1314 1054 conticescens
1338 1009 1422 1053 sacer
1439 994 1550 1054 adhoc
1567 994 1678 1068 senior,

1031 1083 1242 1159 blandumque
1255 1085 1333 1143 ratis
1348 1083 1455 1142 annuit
1479 1084 1658 1158 imperium:

1063 1175 1145 1232 'lunc
1163 1174 1247 1248 apud
1257 1176 1371 1249 Papam
1382 1187 1538 1230 remmere
1552 1175 1693 1246 ttartyres

1027 1263 1260 1332 llarcelllanum,
1274 1262 1727 1338 nereumurcnquittinnmque,

1025 1351 1204 1421 Tiburtium,
1229 1351 1395 1417 castolium,
1417 1351 1641 1424 armenorum

1026 1443 1102 1501 llum
1113 1441 1203 1500 iratrc
1216 1455 1287 1500 vero
1308 1438 1439 1507 Claudio,
1449 1440 1495 1497 rat
1508 1439 1572 1497 tilio

1026 1531 1236 1590 Sebastianum
1249 1533 1279 1588 et
1299 1533 1356 1588 zoe
1376 1527 1617 1589 sanctissimam:

1059 1620 1119 1677 lios
1135 1623 1236 1678 antem
1251 1619 1317 1700 ipse
1333 1617 1476 1676 sanctain
1493 1615 1626 1674 Ecclesia

1023 1707 1139 1767 Christo
1151 1707 1304 1765 ministros
1326 1707 1379 1764 rite
1407 1720 1513 1764 omnes
1525 1707 1689 1772 consecrat,

1022 1797 1207 1872 Explentque
1220 1810 1306 1855 sacra
1324 1793 1420 1866 segeti
1431 1793 1595 1866 mysteria:
1710 1827 1713 1834 =

1020 1885 1137 1944 Pollent
1148 1885 1265 1943 diverse
1285 1883 1395 1955 singuli
1409 1881 1524 1950 ciliciis,

1018 1975 1052 2033 lit
1063 1979 1234 2049 prorogata
1246 1974 1408 2032 sanitatum
1435 1971 1540 2042 gratia.

1053 2063 1096 2120 Sit
1106 2063 1238 2120 trinitati
1257 2063 1441 2136 sempiterna
1454 2060 1558 2129 gloria,

1014 2153 1177 2228 lionorque
1189 2165 1326 2208 summus
1340 2154 1369 2207 ei
1381 2153 1516 2223 potestas
1529 2147 1642 2222 inclyta
1656 2163 1664 2215 t

1016 2241 1087 2308 Quas
1106 2229 1232 2297 Trinitas
1242 2240 1337 2310 Pater,
1353 2238 1511 2312 Patrisque
1520 2237 1613 2294 Pilius

1016 2331 1092 2388 (ium
1107 2329 1317 2402 Spiritu,unus
1328 2327 1407 2384 Deus
1427 2326 1598 2384 substantia

1014 2418 1071 2476 Per
1084 2421 1193 2475 cuncta
1213 2421 1319 2489 regnat
1333 2415 1509 2474 seculorum
1523 2413 1644 2474 casula.

1013 2509 1210 2668 δαρῇΑῑΞΣὲο
1226 2597 1362 2653 oremus.
1376 2596 1500 2652 mutatis
1531 2593 1710 2650 nominibus.
1723 2593 1801 2662 folio

976 2700 1299 2844 CI{1¹vc21712·t'trsirr.hlumni
1313 2769 1365 2850 tui,
1382 2769 1503 2835 Christe,
1514 2767 1648 2825 solemne
1654 2768 1739 2825 adest
1753 2768 1803 2826 Se·

974 2861 1222 2920 bastianiiestum
1228 2858 1406 2916 militisaimi
1420 2856 1802 2932 ;quinobisrecuperandte

975 2952 1039 3024 spei
1055 2949 1199 3020 sutfragia
1213 2948 1337 3024 prebet,
1354 2951 1381 3005 et
1396 2945 1597 3004 colestisvtta
1607 2944 1801 3002 alimoniale

973 3044 1043 3108 vet;
1061 3040 1196 3115 quidum
1211 3037 1321 3096 iormat
1327 3037 1441 3109 devios,
1449 3035 1609 3111 perlustrat
1618 3036 1760 3107 dogmate
1767 3035 1800 3094 ln

939 3130 1081 3225 cdoctos
1097 3128 1235 3187 sublimis
1251 3128 1328 3185 anim
1348 3132 1473 3185 terreno
1486 3146 1494 3195 ;
1508 3124 1801 3183 sublimicurisrcoeli

972 3220 1103 3279 aurahat
1116 3235 1172 3279 nos
1186 3219 1257 3276 illuc
1272 3234 1369 3291 prece,
1385 3218 1438 3275 ubi
1457 3222 1555 3275 tecum
1570 3218 1717 3289 perpetim
1728 3231 1801 3287 gau·

971 3310 1041 3367 det:
1059 3308 1205 3381 siquibus
1221 3307 1450 3377 agonizantibus
1463 3304 1700 3379 palmiferumde
1712 3304 1799 3360 hoste

971 3398 1038 3456 tulit
1049 3396 1247 3470 triumphum,
1256 3412 1326 3453 cunr
1337 3396 1442 3451 eisnos
1458 3393 1537 3467 apud
1552 3397 1580 3449 te
1591 3392 1688 3449 ioveat
1699 3398 1800 3465 patro·

972 3487 1050 3543 cinio
1065 3484 1199 3542 indefeso
1217 3498 1326 3557 ;quem
1342 3498 1398 3541 nos
1413 3496 1509 3553 orare,
1529 3480 1667 3537 etdieere
1683 3498 1690 3541 :

1007 3575 1095 3631 Pater
1108 3576 1220 3630 noster.
1237 3571 1364 3629 liberati
1384 3569 1507 3627 amalo.
1518 3569 1575 3639 sol.
1592 3572 1618 3625 2.

1005 3662 1185 3721 Benedictio.
1208 3658 1375 3718 Sebastiani
1400 3657 1541 3731 martyris
1569 3670 1626 3715 nos
1652 3654 1797 3713 Dominus

971 3751 1117 3823 suliragio
1130 3752 1237 3814 servet,
1253 3750 1302 3821 qui
1319 3748 1403 3805 illum
1419 3762 1489 3804 cum
1505 3746 1593 3805 sociis
1615 3744 1714 3803 evehit
1735 3744 1797 3817 poli

971 3841 1126 3899 adsedem
1144 3856 1151 3895 :
1168 3850 1199 3909 tp.
1220 3838 1327 3895 Amen.
1341 3838 1374 3895 lit
1385 3836 1448 3911 qui,
1461 3834 1636 3901 illooranto,
1652 3849 1686 3892 os
1701 3848 1798 3909 quon·

970 3930 1037 3988 dam
1048 3928 1234 3986 obstructum
1247 3926 1392 3983 reseravit
1405 3929 1468 3989 Zoe,
1484 3924 1600 3998 aperiat
1613 3938 1648 3980 os
1664 3928 1796 3981 rosham

969 4020 1001 4075 in
1016 4016 1257 4076 confessionibus
1269 4014 1369 4072 laudis
1379 4031 1441 4071 suar
1453 4024 1502 4085 πῂ.
1515 4012 1796 4085 Amendltiiagran·

968 4112 1013 4164 tes
1025 4106 1097 4174 tide,
1114 4109 1143 4162 et
1157 4104 1221 4161 fulti
1232 4104 1489 4177 bonorumopsre,
1501 4105 1626 4160 ovantes
1640 4103 1797 4161 mereami-

968 4194 1000 4253 ni
1012 4209 1107 4267 regna
1121 4192 1253 4251 coelestia
1264 4192 1410 4250 obtinere.
1426 4202 1458 4265 ty.
1473 4194 1579 4248 Amen.

1003 4284 1068 4342 Per.

1003 4370 1273 4431 Laudatisudium
1283 4370 1508 4445 sempiternum.
1520 4368 1575 4441 fol.
1591 4384 1705 4427 cumn
1718 4370 1793 4429 Ore·

969 4462 1020 4524 tic.
1033 4462 1106 4519 iicce
1120 4462 1237 4519 letatur
1249 4460 1280 4517 in
1290 4462 1318 4519 le
1329 4459 1463 4518 tlomine.
1485 4458 1672 4530 Antiphone.
1688 4459 1732 4516 lla
1741 4474 1795 4517 no·

929 4515 952 4572 D
968 4552 1016 4608 bis
1030 4549 1156 4607 lcrtitiam
1164 4551 1302 4607 alutaris
1317 4548 1371 4606 tui.
1383 4548 1561 4607 Psalmusn.
1573 4548 1697 4621 licquire
1706 4548 1792 4621 iolla

158 4638 303 4695 Antestarl
324 4652 471 4709 maguum
486 4638 639 4710 galustum
658 4638 859 4711 potissimum,
969 4641 1002 4696 cit
1015 4638 1174 4696 Matutim‘s
1183 4638 1220 4695 de
1235 4640 1288 4695 isto
1299 4640 1378 4709 sesto
1392 4636 1506 4695 Oratio.
1523 4636 1623 4694 Redde
1636 4636 1725 4693 nobis
1736 4638 1794 4693 lio·

120 4726 247 4783 Sanctcs
259 4726 371 4784 tuendo
386 4728 439 4800 qui
453 4726 564 4797 colligit
588 4726 771 4784 cromaticos

118 4815 218 4873 Sacris
232 4816 396 4891 preceptis,
416 4817 545 4890 propriis
557 4818 587 4872 in
599 4816 732 4889 adibus;

119 4903 257 4970 Quosille
273 4919 377 4962 omnes
392 4904 435 4961 sic
450 4904 532 4961 fovet
546 4910 574 4960 et
584 4908 766 4963 commovet.

119 4994 157 5049 lli
167 5007 281 5066 pompa
290 4993 407 5050 nullum
427 4993 578 5051 secutoris
590 4997 725 5065 occupet.

155 5080 248 5138 Furor
260 5081 313 5139 sed
324 5082 516 5155 quiaingruit
535 5080 714 5155 tyrannidis.

115 5171 179 5226 iloc
195 5168 278 5226 nulia
284 5176 382 5243 potest
392 5172 508 5228 ratione
522 5170 654 5241 contegi,

114 5260 160 5314 Iix
174 5274 261 5316 sacro
276 5259 385 5331 scripto
394 5261 498 5331 jussus
513 5265 542 5318 et
556 5259 728 5331 cromatius,

113 5348 214 5403 Causa
228 5351 261 5403 ut
273 5346 413 5404 medendi
427 5349 551 5421 iongius
566 5349 606 5406 ab
616 5348 729 5423 oppido

112 5434 186 5501 Suo,
201 5434 372 5493 adirctcum
385 5438 448 5494 suis
464 5438 655 5495 commercio.

152 5523 277 5582 sanctos
288 5530 432 5599 utrosque
447 5530 518 5583 tunc
533 5526 765 5585 monetintentlc

113 5610 338 5673 Sebastianum.
352 5613 549 5691 Polycarpum
556 5622 765 5690 sanctumque,

967 4728 1050 4786 mine
1063 4726 1204 4784 lotitiam.
1217 4728 1341 4799 Require
1352 4726 1409 4798 sol.
1430 4742 1521 4784 canu.

1002 4816 1188 4887 Antiphone.
1201 4818 1226 4874 l.
1241 4816 1424 4875 Exultabunt
1433 4814 1532 4872 Sancti
1556 4814 1587 4869 in
1619 4811 1713 4885 gloria
1733 4810 1791 4871 rP.

966 4906 1158 4963 Latabuntur
1171 4907 1202 4963 in
1217 4905 1367 4962 cubilibus
1389 4904 1462 4960 suis.
1487 4901 1520 4963 lt.
1537 4902 1625 4957 Beata
1639 4913 1723 4969 gens,
1738 4914 1791 4956 cu·

962 4996 1013 5067 jus
1026 4998 1071 5052 est
1085 4994 1236 5059 Dominus,
1252 4996 1331 5050 Deus
1339 4994 1422 5067 eju;
1435 4988 1576 5064 populus,
1591 5002 1683 5061 quem
1702 4986 1792 5059 elegit

964 5082 1112 5142 Dominus
1125 5084 1156 5141 in
1166 5083 1361 5140 hereditatem
1377 5080 1444 5139 sibi.
1461 5079 1493 5135 P.
1513 5081 1543 5133 ct
1554 5075 1748 5134 laetabuntur.
1757 5076 1790 5139 lt.

963 5172 1072 5229 Gloria.
1089 5176 1118 5228 et
1132 5172 1239 5230 honor.
1257 5172 1287 5228 P.
1303 5168 1540 5227 dilatabuntur.

998 5261 1112 5318 Oratio.
1128 5260 1265 5319 Exultare
1278 5262 1402 5317 sanctos
1420 5258 1450 5315 in
1470 5255 1576 5328 gloria,
1603 5257 1632 5311 ct
1651 5254 1744 5313 letari
1758 5256 1790 5313 in

962 5348 1115 5407 cubilibus
1126 5350 1200 5422 suis,
1214 5348 1318 5406 divino
1328 5349 1435 5423 Spiritu
1453 5362 1488 5403 ac
1515 5344 1691 5417 prophetica
1716 5360 1789 5403 voce

962 5438 1141 5514 pradictum
1156 5442 1203 5496 est
1215 5456 1224 5498 r
1238 5439 1393 5511 Nosligitur
1408 5435 1502 5493 sancti
1517 5432 1683 5491 Sebastisni
1695 5438 1792 5507 patro-

962 5528 1043 5585 cinio
1057 5527 1254 5600 coherentes,
1269 5529 1301 5587 in
1314 5527 1437 5586 laudem
1443 5520 1611 5582 beatissimi
1619 5520 1792 5594 hujusller·

962 5615 1038 5694 tyris
1048 5616 1198 5677 matutina
1210 5617 1347 5679 cretione
1356 5612 1582 5677 setasolvanus
1593 5610 1793 5684 ;qncsdivino
