4117 6175
343 332 395 388 ala
978 327 1204 387 auavtuluutt
1225 328 1420 389 GO'IIIICUM.
1950 336 1990 392 ild

343 458 372 511 et
386 456 554 526 reputatum
568 456 613 508 est
624 452 666 509 illi
681 451 720 509 ad
734 452 877 515 iustitiam
890 468 910 510 a
923 453 1123 524 generatione,
1137 457 1166 512 et
1179 457 1204 508 A
1254 457 1288 511 ur
1297 454 1391 513 iratus
1401 457 1445 511 cst
1457 453 1559 510 animo
1571 451 1715 511 Dominus
1729 452 1759 510 iu
1772 453 1901 527 populum
1912 462 1991 516 suum·

343 542 639 615 generationemque
654 540 684 597 in
697 541 852 598 saeculum.
1218 544 1247 599 et
1258 541 1449 599 abominatus
1461 546 1506 598 est
1515 540 1709 598 hereditatem
1722 556 1816 599 suam.

652 646 752 691 errari
765 646 851 687 ranis.
1253 631 1286 686 lit
1300 629 1422 687 tradidit
1434 645 1485 687 ecs
1499 630 1529 686 in
1546 645 1654 687 manus
1665 628 1815 687 nationum
1828 630 1838 651 *
1850 634 1876 688 et
1887 630 1988 690 domina·

377 718 513 791 Alleluia,
536 718 668 785 Alleluia,
689 718 824 789 Alleluia,
843 718 976 786 Alleluia,
996 717 1127 777 Alleluia.
1218 716 1577 791 beruntelsqulcdcr'ant
1589 733 1649 776 eos.

376 814 451 865 Ana.
467 807 558 865 Setia
571 824 625 865 ecs
639 808 763 865 Domine
778 814 851 865 Deus
861 813 969 866 noster.
1254 808 1286 863 lit
1300 805 1516 864 tribulaberunt
1529 822 1581 863 eos
1594 804 1707 863 inimici
1720 821 1830 875 eorum,
1844 810 1869 865 ct
1880 807 1986 865 humliai

375 892 455 973 Rllt
465 896 654 954 irritaberunt
666 911 737 954 eum
750 895 897 969 adaquas
910 895 1163 965 contradictionis,
1219 899 1286 952 sunt
1296 894 1354 952 sub
1371 896 1512 952 manibus
1525 910 1629 952 eorum
1644 898 1653 918 ⁶
1669 910 1746 968 sape
1758 894 1882 953 liberarit
1893 912 1943 953 ees.

342 990 504 1044 etvexatus
517 990 561 1042 est
576 988 691 1057 ltoyses
705 990 826 1058 propter
844 1001 907 1049 eos,
922 986 995 1058 quia
1005 984 1165 1043 exacerha·
1255 983 1313 1056 lpsi
1326 987 1426 1041 autem
1438 983 1694 1041 exacerbaberunt
1706 982 1810 1040 eumin
1820 984 1985 1041 coucilicsuc'

340 1072 450 1131 berunt
464 1072 602 1145 spiritum
610 1074 675 1130 eius
685 1075 696 1095 '
707 1078 736 1130 et
743 1090 805 1132 non
812 1073 945 1132 distinxit
957 1074 987 1130 iu
996 1074 1083 1131 labiis
1092 1073 1163 1132 suis.
1219 1076 1247 1128 et
1259 1070 1407 1128 humiliati
1422 1076 1492 1128 sunt
1506 1072 1537 1127 in
1556 1072 1619 1128 suis
1632 1069 1840 1144 iniquitatibus.

377 1164 410 1218 Et
429 1176 491 1219 non
506 1161 747 1235 disperdiderunt
761 1168 863 1235 gentes
891 1164 899 1183 ⁸
923 1179 996 1237 quas
1020 1162 1163 1221 dominus
1254 1162 1287 1216 Et
1301 1160 1429 1233 respexit
1450 1174 1502 1217 ecs
1522 1176 1592 1217 eum
1610 1158 1839 1217 tribularentur*
1852 1159 1918 1217 inco
1939 1176 1985 1217 run

339 1250 455 1308 dixerat
473 1250 542 1307 illis.
1218 1246 1373 1307 exaudiret
1389 1249 1536 1307 orationes
1551 1264 1664 1307 eorum.

377 1340 412 1394 Et
421 1339 563 1395 conmixti
571 1342 640 1396 sunt
649 1339 724 1396 inter
732 1342 846 1410 gentes,
857 1344 886 1396 et
895 1339 1064 1398 didicerunt
1071 1355 1164 1413 opera
1253 1338 1329 1403 Quia
1342 1352 1459 1395 memor
1469 1337 1523 1394 luit
1535 1336 1702 1394 testamenti
1713 1337 1804 1395 sancti
1815 1336 1857 1393 sui
1868 1340 1875 1358 ·
1886 1341 1909 1393 ct
1919 1334 1986 1409 peni·

340 1442 445 1485 eorum
465 1430 516 1485 ‘et
535 1427 702 1485 servierunt
726 1428 913 1500 sculptilibus
927 1443 1044 1496 eorum,
1058 1435 1087 1486 et
1100 1428 1161 1486 lac·
1216 1425 1518 1484 tuitcumsccundum
1525 1424 1739 1483 multitudinem
1747 1425 1984 1482 misericordiane.

340 1522 403 1574 tum
415 1519 461 1573 est
470 1515 526 1573 illis
537 1516 569 1573 iu
584 1516 771 1575 scandalum.
1252 1517 1285 1572 Et
1298 1515 1418 1573 tradidit
1427 1529 1479 1571 ecs
1487 1514 1519 1573 in
1529 1513 1750 1572 misericordia·
1763 1515 1794 1571 iu
1806 1516 1941 1587 conspectu
1950 1514 1983 1567 le

374 1604 476 1678 [xcru]
490 1603 726 1662 immolaberunt
743 1604 821 1663 tilios
847 1609 940 1663 sucs‘
957 1610 986 1664 et
998 1606 1076 1665 filias
1091 1622 1161 1665 suas
1215 1603 1331 1661 minum
1345 1604 1398 1677 qui
1412 1603 1642 1676 captibaberunt
1653 1618 1717 1661 ecs.

336 1692 505 1749 demoniis.
1251 1690 1618 1750 SalbcsncslaeDominc
1632 1692 1984 1759 liausnoster'etecugrega

372 1779 548 1837 Effuderunt
557 1780 735 1851 sanguinem
747 1781 938 1841 innocentem
952 1784 964 1807 ’
979 1782 1161 1855 sangarinem
1177 1786 1199 1847 Β
1213 1794 1269 1837 nos
1281 1781 1319 1837 de
1333 1780 1515 1837 redonibus.

336 1869 466 1926 filiorum
479 1884 616 1939 suorum,
624 1869 786 1926 etlitiarum
800 1886 924 1928 suarum
938 1888 945 1928 ε
957 1874 1040 1944 quod
1050 1871 1160 1929 sacrifi·
1250 1870 1286 1926 tlt
1299 1868 1493 1927 confiteamur
1504 1868 1620 1927 nomini
1632 1872 1736 1927 sancto
1743 1872 1793 1927 tuo
1807 1868 1814 1887 ⁸
1827 1871 1852 1925 et
1864 1866 1982 1939 donemur

336 1957 481 2016 oaberuut
496 1956 682 2030 sculptilibus
695 1959 847 2016 chanaan.
1213 1958 1244 2015 in
1254 1956 1343 2015 lauda
1353 1962 1413 2015 tua.

371 2046 483 2104 Iniecta
493 2050 538 2103 est
545 2052 622 2103 terra
630 2045 839 2118 sanguinibus,
849 2053 877 2106 et
885 2048 1079 2107 conaminati
1090 2051 1160 2106 aunt
1249 2046 1423 2105 Benedictus
1437 2047 1580 2106 Dominus
1595 2046 1672 2104 Deus
1681 2045 1796 2105 israela
1809 2044 1939 2107 sarcinat
1950 2056 1981 2096 us·

334 2135 366 2193 in
377 2136 631 2209 operibuseorum
645 2138 656 2160 *
668 2139 697 2193 et
705 2133 842 2195 fornicati
850 2142 920 2195 sunt
930 2138 962 2194 in
976 2136 1159 2195 observatio·
1213 2150 1272 2209 que
1287 2134 1319 2193 ia
1334 2135 1477 2193 seculum
1487 2138 1496 2155 ⁶
1506 2135 1621 2194 sidicat
1633 2136 1734 2194 omnis
1741 2132 1931 2210 populuszdat
1940 2128 1979 2185 iat.

333 2223 508 2281 uibuasuia.

1823 2401 1973 2422 -u-—ffl

713 2532 991 2655 INCIPIT
1038 2533 1255 2658 LIBEIl
1300 2530 1635 2677 QUINTUS.

709 2800 773 2857 cvl.
1244 2796 1445 2855 confiteantur
1456 2795 1585 2854 Domino
1596 2796 1814 2855 misericordias
1826 2783 1976 2851 elus'etu'r

645 2902 732 2945 saxna
743 2902 837 2945 rann.
1206 2885 1313 2945 rabilia
1331 2885 1395 2943 eius
1408 2884 1476 2943 filiis
1490 2884 1657 2943 hominum.

672 2974 807 3033 Alleluia.
1243 2975 1318 3040 Quia
1341 2973 1481 3032 contribit
1493 2978 1596 3047 portas
1611 2979 1728 3035 areas·
1748 2978 1777 3033 ct
1797 2974 1881 3031 rectas
1898 2967 1974 3024 lentot

610 3063 729 3121 Vcrutr'c
745 3064 879 3134 acatium
1206 3062 1362 3136 confregit.

363 3154 438 3210 Ana.
451 3150 574 3221 Dirum,
593 3151 646 3224 pai
661 3152 785 3210 redemti
812 3157 916 3210 santo
934 3152 1066 3221 Domino,
1082 3165 1152 3225 quos
1242 3152 1377 3227 Suscepit
1391 3169 1443 3212 eos
1455 3153 1492 3210 da
1505 3151 1726 3227 viainiquitatls
1739 3155 1862 3229 ipsorum
1874 3147 1973 3220 propter

328 3239 454 3299 redemit
468 3239 506 3296 de
515 3254 605 3297 mace
618 3238 819 3297 inimicorum.
1167 3203 1188 3262 G
1203 3239 1362 3299 iniustitias
1376 3241 1456 3299 enim
1466 3257 1536 3298 suas
1545 3241 1696 3302 humiliati
1706 3247 1783 3302 sunl.
2009 3237 2010 3300 l

363 3327 550 3388 confitemini
562 3328 701 3397 Domino,
713 3328 859 3402 quoniam
872 3328 990 3389 bonus·
1003 3330 1150 3402 quoniam
1240 3331 1367 3389 Omnem
1379 3345 1480 3389 escam
1493 3330 1672 3390 abominata
1688 3338 1733 3391 est
1747 3332 1842 3390 anima
1852 3337 1933 3384 corun
1942 3317 1971 3370 'et

326 3417 359 3477 in
377 3419 522 3476 saeuum
536 3417 740 3476 misericordia
750 3418 825 3475 etus.
1203 3416 1475 3492 adpropriaberunt
1486 3434 1584 3492 usquc
1599 3419 1638 3476 ed
1652 3425 1756 3493 portas
1770 3416 1869 3477 mortis.

361 3507 466 3564 Dicant
478 3522 560 3565 nunc
574 3510 687 3579 gentes,
706 3521 773 3580 que
791 3504 956 3579 redemptas
970 3510 1040 3565 sunt
1057 3510 1148 3565 allo·
1236 3504 1272 3563 Et
1284 3505 1490 3565 clamaberunt
1501 3506 1540 3565 ad
1553 3507 1726 3576 Dominum,
1741 3523 1829 3583 quum
1845 3498 1970 3562 autumn·

324 3593 409 3652 mino
423 3597 435 3618 ·
448 3613 525 3670 quos
533 3594 661 3652 redemit
673 3594 712 3652 de
726 3608 820 3652 manu
832 3594 1033 3654 inimicorum.
1201 3595 1249 3650 tur
1262 3594 1273 3619 *
1284 3595 1360 3652 etde
1370 3594 1595 3654 necessitatibus
1610 3611 1718 3655 eorum
1729 3594 1910 3654 liberaritecs.

360 3685 401 3742 De
413 3685 587 3757 regionibus
610 3683 804 3755 mugregarit
824 3698 876 3743 ecs
890 3685 899 3702 '
911 3699 930 3742 a
943 3683 1014 3742 solis
1025 3687 1103 3754 cau,
1118 3689 1148 3744 et

323 3786 441 3840 occasu,
458 3772 497 3830 ab
511 3772 669 3846 Aquilone,
684 3776 714 3828 at
726 3772 814 3831 mari.
1958 3845 1960 3854 y

358 3860 539 3919 Erraberunt
560 3859 593 3917 in
606 3859 777 3930 solitudine,
790 3859 821 3917 in
835 3859 976 3929 siccitate,
990 3861 1021 3918 in
1034 3859 1082 3918 ria
1097 3863 1146 3920 ‘et
1235 3863 1308 3920 Ana.
1325 3862 1406 3920 Misit
1415 3861 1537 3920 verbam
1549 3876 1646 3932 suem,
1663 3870 1694 3921 et
1712 3865 1824 3922 sonora
1845 3871 1888 3915 uos
1904 3852 1967 3909 door

321 3948 472 4006 civitatem
485 3947 678 4007 habitationis
691 3947 749 4006 illic
763 3963 824 4006 nou
838 3949 1027 4007 invenerunt.
1197 3965 1254 4008 uas
1265 3967 1273 4018 ;
1284 3959 1311 4009 et
1322 3952 1434 4023 eripuit
1450 3967 1502 4009 coa
1516 3951 1553 4008 de
1566 3951 1701 4010 interitu.
1953 4019 1957 4028 ¹

356 4035 534 4102 EsurIentes,
550 4039 579 4094 et
592 4035 723 4094 sitientes
746 4039 832 4093 erant
847 4037 855 4054 ·
870 4039 898 4092 et
912 4036 1015 4096 anima
1038 4049 1142 4095 eorum
1235 4037 1262 4120 fl
1281 4039 1355 4098 llisit
1370 4039 1497 4098 verbum
1513 4047 1649 4112 suum,et
1666 4041 1781 4100 sanarit
1794 4021 1965 4098 accelerati

318 4123 351 4183 in
369 4123 443 4198 ipsis
457 4123 572 4182 deiecit.
1195 4142 1246 4187 eos
1262 4130 1299 4187 de
1314 4129 1431 4187 interitu
1444 4143 1560 4185 eorum.
1950 4197 1953 4207 Ι

354 4216 388 4272 at
400 4212 607 4271 clamaberunt
618 4211 658 4268 ad
672 4211 843 4279 nominum,
859 4227 956 4286 quum
965 4211 1139 4273 tribrdaren·
1230 4219 1433 4278 confiteantur
1443 4215 1570 4274 Domino
1579 4217 1796 4276 misericordias
1814 4215 1869 4272 eius
1881 4207 1961 4262 'etur

316 4304 384 4360 tur·
398 4306 427 4360 et
438 4301 476 4359 de
489 4300 718 4359 necessitatibus
730 4315 834 4358 acrum
845 4300 993 4360 laborarit
1004 4317 1066 4362 eos.
1192 4305 1300 4365 rabilia
1309 4306 1373 4364 eius
1383 4305 1454 4362 tiliis
1468 4303 1639 4363 hominum.
1925 4377 1929 4386 ⁵

350 4394 386 4450 ut
395 4389 519 4449 deduxit
536 4405 589 4446 eos
603 4389 634 4446 in
646 4388 727 4447 riam
740 4393 851 4448 recmm
862 4389 878 4422 *
892 4397 925 4448 ut
938 4390 1033 4450 iereat
1053 4391 1084 4448 in
1098 4391 1136 4449 ri·
1226 4391 1261 4452 lit
1274 4395 1438 4453 sacrificent
1454 4391 1633 4453 sacrificium
1643 4393 1742 4452 laudis
1755 4396 1762 4412 '
1776 4397 1803 4450 et
1819 4373 1959 4464 pronuntiett

314 4481 436 4541 vitatem
451 4479 653 4539 habitationis.
1189 4481 1604 4556 operaeiusinexultaticne.

349 4569 553 4629 confiteantur
566 4567 695 4626 Domino
707 4567 927 4627 misericordias
937 4569 1002 4627 eius
1017 4570 1026 4587 '
1040 4573 1069 4628 et
1080 4570 1135 4628 mi·
1150 4549 1174 4607 D
1225 4571 1279 4638 Qui
1295 4571 1571 4629 descenduntmare
1585 4569 1616 4627 in
1628 4571 1760 4630 nabibus
1773 4565 1904 4626 uectore
1913 4561 1956 4624 tl*

310 4653 418 4714 rabilia
429 4656 493 4714 eius
506 4655 575 4714 liliis
589 4655 760 4716 homiuum.
1186 4661 1317 4719 rationes
1331 4661 1361 4719 in
1370 4659 1459 4734 aquis
1474 4659 1585 4718 multis.
1939 4724 1942 4734 ¹

345 4745 421 4811 Quia
429 4745 576 4804 saturabit
585 4745 717 4804 animam
727 4747 849 4804 inanem
861 4749 870 4765 ·
881 4749 911 4804 et
922 4746 1056 4806 animam
1066 4762 1132 4806 esu·
1221 4749 1281 4822 lpsi
1296 4749 1434 4808 viderunt
1447 4748 1665 4823 operabamini
1680 4753 1690 4774 ·
1709 4751 1739 4808 et
1752 4741 1879 4804 mirabilia
1885 4735 1955 4792 citt¹11

307 4832 432 4891 rientem
444 4834 565 4894 satiahIt
577 4834 674 4893 bonis.
1184 4837 1346 4910 profundo.

343 4923 485 4981 sedentes
498 4925 531 4981 in
543 4924 682 4988 tenebris,
698 4927 727 4981 et
741 4925 849 4982 umbra
862 4923 965 4981 mortis
979 4923 1129 4984 'vinculis
1219 4926 1304 4994 llixit,
1320 4931 1349 4984 et
1361 4926 1438 4984 stetit
1447 4924 1568 5000 spiritus
1580 4924 1737 4999 procellas·
1754 4928 1783 4982 st
1793 4913 1896 4980 exaluti
1910 4901 1953 4962 ΝΠ*

305 5007 412 5083 ligatos
424 5012 455 5068 in
469 5012 671 5078 mendicitate,
684 5016 713 5068 et
727 5011 816 5070 terro.
1181 5013 1289 5073 fluctus
1299 5015 1375 5072 eius.

340 5099 416 5164 Quia
429 5101 685 5159 exacerbaberunt
695 5099 848 5174 eloquium
862 5095 998 5159 Domini'
1013 5103 1042 5159 et
1055 5117 1126 5160 con·
1216 5101 1493 5177 Ascenduntusque
1505 5101 1545 5160 ad
1557 5101 1657 5168 coelcs,
1674 5089 1950 5158 etdsmenduututtt

303 5184 403 5244 silium
415 5187 559 5246 Altissimi
570 5188 770 5246 untaberunt.
1180 5191 1219 5250 ad
1230 5191 1428 5267 abyssos2et
1440 5191 1542 5249 anima
1554 5205 1657 5248 eorum
1672 5187 1800 5247 masada
1815 5169 1948 5264 meabat·

337 5273 372 5331 lit
382 5274 574 5335 humiliatum
587 5281 633 5335 ast
641 5276 673 5333 in
684 5275 839 5335 laboribus
847 5291 898 5337 cor
907 5291 1011 5338 acrum
1023 5279 1031 5298 ‘
1045 5280 1125 5338 intir-
1213 5280 1332 5340 Turbati
1342 5287 1420 5346 sunt,
1429 5281 1538 5340 etmoti
1551 5283 1629 5346 sunt,
1639 5278 1716 5336 sieut
1729 5275 1825 5336 ebrius
1835 5273 1875 5328 'ct
1884 5267 1948 5324 cunt

299 5363 374 5422 mati
385 5367 465 5434 sunt,
479 5379 536 5422 aec
548 5364 612 5436 tuit,
628 5363 682 5437 qui
701 5363 858 5424 adiuvaret
871 5382 932 5424 eos.
1177 5369 1323 5444 rapicmia
1336 5385 1442 5428 eorum
1455 5368 1600 5443 deglutita
1610 5369 1664 5426 est.
1910 5435 1913 5444 Α

334 5455 368 5509 tlt
379 5451 634 5512 clamaberuntad
647 5452 819 5524 nominum,
838 5471 934 5529 quum
948 5456 1123 5516 tribularen-
1212 5455 1324 5532 [aaran]
1337 5460 1370 5516 Et
1382 5455 1590 5516 clamaberunt
1599 5454 1637 5514 ad
1652 5453 1809 5513 Dominum
1820 5459 1879 5506 cum
1888 5433 1947 5538 tall

297 5538 345 5593 tur
356 5541 368 5563 ·
379 5543 408 5598 et
421 5539 459 5598 de
473 5539 700 5600 aeremitatibus
714 5556 818 5600 eornm
831 5543 968 5603 liberavit
980 5560 1043 5604 ecs.
1174 5542 1308 5604 mentor
1323 5548 1331 5565 ·
1346 5550 1374 5604 et
1387 5546 1426 5604 de
1439 5543 1665 5604 necessitatibus
1674 5555 1777 5601 eorum
1787 5531 1945 5622 liberantattj

315 5623 366 5716 ⁸lit
382 5625 482 5683 aduxit
495 5642 547 5686 ecs
571 5628 608 5686 de
622 5629 763 5701 tenebris,
779 5636 808 5689 et
821 5631 925 5690 umbra
939 5633 1045 5691 mortis
1061 5635 1070 5654 ⁸
1092 5636 1120 5692 et
1211 5635 1455 5709 StetuItprccalla
1466 5636 1594 5700 inaura,
1605 5638 1633 5692 et
1643 5620 1937 5691 sdaeruuttluetusttl‘

295 5707 414 5765 meula
428 5715 678 5789 eorumdisrupit
1173 5721 1393 5793 atletatisunt,
1408 5723 1657 5797 qumadueruut.

1543 3745 1679 3790 stenaro.
