4117 6175
902 191 1133 255 Bittit'taRttlti
1155 188 1352 249 GOTlllCUil.
1886 192 1942 247 ιιι-3

1114 316 1137 371 Α
1155 330 1222 371 nus.
1245 312 1386 379 Alleluia,
1403 312 1434 366 P.
1452 308 1568 365 (beavit
1584 306 1614 365 in
1626 306 1691 379 tiliis
1705 308 1827 377 gratiam
1846 311 1944 380 Spiritus

1155 401 1248 459 sancti
1260 401 1309 457 sui
1318 419 1326 457 r
1336 398 1485 457 intellectu
1494 396 1944 471 replevitcordaeor·um.hlleluia,

1156 492 1284 550 alleluia.
1298 490 1329 551 r.
1345 491 1379 545 Et
1393 488 1597 545 clamaverunt
1610 486 1652 542 ad
1665 485 1827 549 Dominam.
1840 503 1898 544 cum
1908 490 1944 547 tri·

1156 574 1943 639 bularentur:etdenecessitatibuseorumliberariteos,

1157 673 1188 728 P.
1198 665 1457 729 creavitinillisdi.
1469 662 1944 735 Gloria,ethonorP.Crearitinitis

345 326 450 385 Praedo
462 330 586 383 verutus
602 324 708 383 relictis

346 418 367 471 Ε
382 412 521 471 medullis
534 414 614 471 exilit
631 434 637 471 :

383 502 501 576 Linquit
513 502 648 561 inlaesam
662 502 812 577 rapinam,

347 592 496 653 Faucibus
506 593 593 651 siccis
606 592 691 664 tagit,

349 685 453 753 Ungue
465 680 505 739 ab
520 682 581 739 imo
598 695 695 755 usque
711 680 750 738 ad
761 680 902 755 capillum

350 771 439 831 Salva
452 770 550 828 reddit
563 770 677 839 omnia,

352 859 500 919 Confltans
515 858 620 918 ardere
637 874 712 925 sese,

353 952 412 1007 Neo
427 949 573 1021 geheume
584 952 629 1007 est
641 947 749 1007 incola.

388 1037 467 1106 Quid
479 1038 595 1113 loquar,
611 1041 739 1111 purgata
752 1036 852 1111 longis

352 1124 430 1185 atha
443 1126 557 1186 morbis
571 1128 716 1201 corporei

354 1216 479 1289 Algidus
493 1232 564 1274 cum
579 1216 735 1273 decoloros

355 1306 468 1363 Horror
481 1310 564 1363 artus
575 1305 705 1362 concutit
721 1321 727 1359 :

356 1394 430 1452 Hinc
444 1398 545 1451 tumor
559 1392 675 1449 vultum
688 1391 836 1465 relinquit,

356 1482 431 1539 Hinc
446 1481 528 1539 color
543 1496 629 1538 verns
642 1480 729 1540 redit.

393 1572 455 1629 Hoc
468 1569 584 1628 bonum
595 1569 728 1628 Salvator
738 1571 815 1643 ipsc,

358 1662 422 1725 Quo
436 1659 582 1729 truamur,
595 1659 740 1734 praestitit,

360 1750 523 1822 Martyrum
537 1746 620 1823 quod
635 1746 773 1807 membra

359 1840 465 1897 Nostro
477 1837 659 1896 consecravit
670 1836 784 1911 oppido
800 1856 807 1897 ι

361 1926 574 2000 sospitantque
586 1941 667 1985 nnnc
682 1926 808 1987 colonos

362 2019 441 2083 Quos
455 2016 557 2074 iherus
567 2014 662 2075 siluit.

398 2108 477 2164 State
486 2119 567 2162 nnnc
580 2104 697 2163 invictis
713 2108 823 2163 matres

363 2195 421 2253 Pro
431 2193 556 2267 receptis
570 2192 710 2267 parvulis,

363 2283 532 2357 conjugum
544 2281 639 2340 salute
649 2282 719 2340 laeta

362 2374 430 2431 vox
443 2370 619 2429 maritarum
634 2374 744 2446 strepet
758 2392 765 2434 :

365 2466 406 2523 Sit
418 2462 481 2520 dies
492 2461 558 2519 baec
569 2460 645 2519 testa
658 2460 758 2531 nobis,

366 2553 409 2613 sit
422 2554 540 2609 sacrata
550 2549 682 2626 gaudiis.

401 2641 501 2701 Gloria
515 2641 605 2713 Patri,
618 2642 763 2715 Nataque,

367 2737 490 2807 Semper
502 2735 531 2789 et
549 2729 696 2789 Paraelito

366 2826 455 2894 Laus,
469 2823 615 2896 potestas,
631 2823 722 2894 atque
737 2820 842 2887 virtus,

366 2911 536 2969 Gratiarum
550 2908 716 2982 eopiaqne;

367 3000 463 3054 Deum
473 2999 582 3052 cuncta
594 2995 722 3051 latentur

368 3083 552 3143 Saeculorum
566 3082 685 3141 sucula.

403 3175 509 3230 Amen.

395 3261 548 3340 [ccxxxiv]
564 3259 749 3338 FESTA
773 3263 1018 3340 APRlLlS.

635 3377 695 3435 lilii
713 3380 781 3436 ivr.

493 3483 521 3526 ιιι
542 3483 626 3526 rssro
647 3483 758 3526 sarona
775 3484 927 3537 sacraria,

472 3575 524 3615 vra
539 3575 628 3616 nattes
644 3575 678 3616 rr
697 3573 768 3617 ocro
786 3575 946 3617 urrrrrur.

336 3647 439 3706 Omnia
463 3647 608 3706 dicantur
630 3649 831 3720 plurimorum
849 3648 1035 3722 Martyrum.
1069 3648 1125 3719 sot.

299 3751 379 3794 cunr.
393 3743 513 3808 arrepto
527 3737 657 3808 Hymao,
670 3735 722 3808 qui
732 3741 775 3793 est
789 3737 844 3792 iate
858 3753 866 3794 r
880 3736 926 3793 tiis
936 3752 1044 3796 novam
1059 3751 1127 3794 uos·

300 3829 353 3884 ter.
370 3825 429 3897 fol.
445 3841 489 3883 cs.

537 3913 722 4089 PESTEA
747 3914 881 3991 MAll.

599 4045 602 4052 ‘
636 4033 670 4091 bt
713 4033 736 4090 1.

1494 753 1644 824 Hymnus.

1195 845 1281 905 Urbis
1295 842 1518 916 Romulercjam
1533 846 1604 915 toga
1621 840 1752 900 candida

1161 938 1280 1009 Septem
1294 930 1600 1003 Pontificnmpdestiua
1609 932 1764 1005 promicet,

1161 1021 1433 1095 mesocampum,
1448 1035 1525 1094 quos
1539 1019 1578 1079 ab
1590 1020 1737 1095 apostolis

1161 1113 1306 1185 adsignat
1317 1110 1388 1169 fidei
1399 1109 1498 1185 prisca
1512 1109 1626 1166 relatio.

1198 1202 1234 1259 lli
1246 1204 1316 1260 sunt
1327 1198 1478 1275 perspicui
1489 1198 1612 1257 luminis
1621 1198 1735 1256 indices

1163 1296 1339 1367 Torquatus,
1352 1288 1530 1363 Tesiphone,
1546 1294 1635 1363 atque
1649 1288 1827 1363 Hesychius3

1164 1382 1238 1441 iiiuc
1248 1377 1423 1446 indaletius,
1438 1377 1501 1435 sive
1511 1376 1668 1435 secundus
1682 1383 1739 1447 est,

1164 1470 1262 1529 iuncti
1275 1467 1453 1542 Euphronio,
1473 1465 1648 1541 Caecilioque
1666 1471 1747 1526 sunt.

1201 1559 1235 1616 lli
1247 1556 1421 1630 evangelico
1434 1554 1575 1629 lampade
1589 1556 1707 1628 prediti

1128 1662 1152 1719 B
1167 1652 1306 1707 lustrant
1317 1645 1450 1705 occiduas
1465 1645 1558 1720 partis
1573 1644 1704 1719 arentia3

1168 1741 1232 1806 Quo
1244 1738 1286 1796 sic
1295 1734 1449 1796 catholicis
1462 1733 1584 1805 ignibus
1595 1733 1733 1808 ardeant,

1168 1830 1204 1885 lit
1219 1826 1326 1884 cedant
1337 1824 1455 1882 lacibus
1465 1823 1555 1882 tnrna
1568 1824 1717 1882 nocentia.

1205 1916 1292 1974 Acris
1306 1913 1448 1972 continuo
1458 1914 1597 1988 proxima
1609 1911 1644 1971 ns
1658 1912 1737 1971 Viris

1170 2005 1217 2065 Bis
1229 2004 1309 2063 senis
1321 2001 1436 2071 stadiis,
1452 2018 1513 2078 qua
1527 2000 1630 2077 procul
1644 2001 1796 2061 insident:

1169 2094 1290 2153 Mittunt
1299 2092 1434 2152 adseclas
1446 2090 1547 2149 escula
1558 2108 1704 2167 quaerere,

1171 2185 1236 2251 Quo
1251 2183 1331 2239 iesse
1343 2180 1474 2255 dapibus
1489 2179 1626 2237 membre
1639 2180 1802 2238 reticerent.

1208 2272 1269 2329 Illic
1281 2269 1422 2345 discipuli
1436 2268 1521 2329 ldole
1535 2269 1676 2327 Gentium

1171 2360 1265 2419 Vanis
1278 2358 1445 2434 inspiciunt
1455 2357 1560 2416 ritibus
1571 2358 1664 2415 excoli
1679 2374 1686 2414 ε

1173 2447 1340 2520 Quosdam
1356 2448 1400 2505 sio
1410 2461 1499 2519 agere
1513 2445 1631 2505 fletibus
1644 2447 1816 2513 immorant,

1173 2542 1331 2597 terrentur
1347 2536 1449 2610 potius
1460 2535 1586 2593 ausibus
1600 2536 1711 2611 impiis.

1209 2631 1276 2687 llox
1286 2626 1396 2685 insane
1407 2625 1537 2683 hemena
1550 2625 1639 2683 turba
1655 2626 1825 2697 satellitum,

1175 2724 1208 2776 ln
1220 2717 1268 2775 his
1281 2732 1352 2774 oum
1365 2713 1437 2772 fidei
1451 2715 1593 2787 stigmata
1610 2721 1760 2785 nosceret,

1175 2807 1221 2865 Ad
1237 2810 1361 2880 pontem
1374 2803 1459 2861 fluvii
1473 2818 1570 2877 nsque
1581 2818 1636 2877 per
1653 2804 1753 2864 ardua

1176 2898 1299 2952 incursu
1314 2891 1402 2950 celeri
1413 2890 1470 2948 hos
1484 2892 1547 2963 agit
1564 2890 1595 2948 in
1608 2890 1726 2962 lugam.

1137 3020 1158 3077 C
1213 2982 1356 3054 Sedpons
1369 2980 1532 3053 prrevalido
1551 2981 1664 3038 murice
1675 2980 1782 3040 tortior

1176 3074 1209 3130 ln
1218 3074 1319 3147 partas
1334 3069 1434 3127 subito
1449 3084 1563 3142 pronus
1575 3068 1744 3141 resolvitur,

1176 3165 1275 3221 iustos
1288 3175 1325 3216 ex
1335 3158 1480 3216 manibus
1497 3158 1630 3216 hostium
1640 3175 1763 3230 eruens,

1177 3254 1281 3310 Hostes
1292 3247 1438 3306 tlumineo
1452 3248 1569 3320 gurgite
1583 3248 1746 3307 subruens.

1214 3341 1282 3398 limo
1295 3337 1395 3413 prima
1405 3335 1477 3396 tldci
1494 3340 1539 3394 est
1558 3336 1609 3396 via
1625 3336 1774 3411 plebium,

1178 3431 1346 3502 intorques
1358 3425 1466 3484 mulier
1481 3431 1586 3483 sancta
1601 3428 1731 3501 inparia

1181 3520 1305 3577 sanctos
1315 3513 1495 3585 adgrediens
1506 3517 1611 3578 cernit.
1625 3520 1655 3572 et
1666 3514 1815 3584 obsecrat,

1181 3607 1358 3665 sanctornm
1377 3601 1493 3660 monita
1504 3607 1624 3676 pectore
1636 3603 1811 3663 conlocans.

1216 3696 1296 3751 Tunc
1305 3691 1410 3748 Christi
1420 3690 1535 3749 lamnia
1549 3692 1697 3768 obsequio
1712 3709 1823 3767 parens

1183 3785 1361 3843 Sanctorum
1377 3780 1480 3838 statuit
1493 3781 1622 3840 oondere
1633 3781 1793 3856 fabricam,

1183 3873 1248 3940 Quo
1260 3868 1424 3943 baptisterii
1439 3868 1521 3927 unda
1535 3873 1710 3943 patesceret,

1183 3963 1217 4020 nt
1228 3958 1330 4034 culpas
1350 3957 1487 4016 omnium
1500 3960 1598 4032 gratia
1612 3962 1749 4032 tergeret.

1219 4049 1280 4106 illic
1295 4049 1404 4107 Sancta
1415 4047 1466 4104 Dei
1478 4046 1592 4106 tamine
1607 4048 1762 4121 tinguitur,

373 4133 404 4180 nt
429 4135 516 4182 resto
534 4136 629 4180 sanent
648 4135 787 4184 Turinum
807 4136 839 4175 nr
858 4135 977 4180 comittit
996 4135 1060 4177 utta
1184 4141 1218 4196 Et
1230 4137 1431 4196 yimlngo
1443 4137 1736 4196 (iuml-enascitur:

611 4223 812 4266 srrscoroanrr.
872 4231 876 4238 ·

597 4312 645 4369 Ad
663 4313 830 4384 vesparum.

1185 4226 1271 4286 Plebs
1284 4226 1335 4284 hic
1348 4225 1495 4284 contiuuo
1509 4225 1642 4300 pervolat
1660 4225 1701 4285 ad
1714 4227 1821 4296 fidem,

1187 4319 1221 4373 lit
1234 4315 1268 4374 tit
1276 4314 1422 4372 catholico
1435 4313 1577 4386 dogmate
1588 4315 1758 4392 multiplex.

342 4400 461 4460 Lauda.
477 4401 620 4460 Exortum
632 4398 753 4470 satsat
768 4413 852 4456 saxu.
1149 4379 1173 4436 D
1222 4404 1367 4462 Posthac
1380 4401 1556 4462 Pontificum
1568 4403 1661 4462 chara
1675 4405 1819 4464 sodalitas

341 4488 734 4548 Sono.lllleluia.1nomnem
742 4489 1052 4549 terramexivitsouns
1063 4493 1134 4552 San·
1188 4494 1315 4553 Partitur
1327 4507 1493 4565 properans
1507 4500 1623 4566 septem
1634 4493 1665 4550 in
1680 4494 1817 4560 urbibus,

306 4584 423 4638 ctornm
436 4595 443 4638 ι
458 4582 490 4640 P.
512 4580 546 4636 lit
559 4579 589 4635 in
610 4579 687 4636 lines
704 4579 786 4636 orbis
806 4583 891 4636 terrae
908 4580 1000 4638 verba
1016 4580 1134 4640 illorum
1189 4586 1225 4641 Ut
1237 4582 1334 4639 divisa
1348 4580 1422 4639 locis
1435 4581 1580 4654 dogmata
1594 4582 1764 4649 tundment,

307 4669 440 4728 Alleluia.
452 4667 483 4730 i.
492 4667 698 4726 Alleluialton
707 4671 774 4726 sunt
783 4666 1015 4743 loquelasnequc
1025 4685 1137 4728 sermo·
1189 4674 1223 4730 nt
1234 4670 1350 4744 sparsis
1360 4669 1488 4743 populos
1502 4671 1624 4741 ignibus
1635 4681 1765 4730 urerent.

308 4774 362 4818 nes
373 4775 381 4818 :
392 4758 505 4834 quibus
516 4773 578 4817 non
592 4756 756 4817 audiantur
768 4772 859 4815 voces
871 4773 986 4818 eorum.
1002 4761 1033 4816 P.
1049 4761 1082 4818 Et
1093 4759 1135 4817 in.
1224 4758 1345 4818 Perhos
1358 4759 1507 4832 llesperire
1519 4759 1633 4817 tinibus
1644 4759 1741 4818 indita

344 4847 601 4920 nominaretur.
617 4849 743 4905 ntounr.
1190 4848 1300 4908 inluxit
1312 4846 1383 4905 fidei
1393 4848 1489 4920 gratia
1501 4865 1676 4922 praecocax:

346 4938 527 5011 antiphona.
546 4937 683 4996 Alleluia.
704 4937 755 4996 isti
778 4941 848 4994 sunt
866 4935 922 4994 viri
945 4936 1091 4996 nominati
1106 4937 1137 4996 in
1191 4940 1225 4997 ln
1240 4937 1333 5010 siguis
1346 4936 1447 5006 variis,
1464 4943 1555 5012 atque
1570 4938 1704 5010 potentia

311 5027 438 5090 virtuto:
455 5030 486 5088 P.
506 5027 646 5086 Doctores
661 5025 766 5102 populi
790 5025 931 5084 iacientes
947 5025 1092 5100 iudicium
1107 5029 1139 5086 in
1192 5028 1351 5096 Virtutum,
1366 5025 1506 5084 homines
1519 5027 1640 5085 credere
1651 5029 1826 5102 provocent

312 5115 449 5174 doctrina
461 5131 527 5174 sna.
542 5113 574 5178 t.
586 5111 941 5185 Coetienarrsntgloriam
957 5112 1018 5180 liei,
1030 5119 1060 5173 et
1070 5131 1141 5190 ope-
1228 5119 1268 5175 Er
1278 5115 1483 5188 hiacinctitiae
1494 5114 1643 5174 tractibus
1656 5117 1759 5190 inclyti

312 5221 347 5264 ra
360 5219 508 5264 manuum
529 5205 594 5278 eius
613 5203 778 5262 annunciat
791 5201 1028 5262 firmamentum.
1041 5203 1072 5263 P.
1086 5205 1140 5262 Do·
1194 5205 1294 5263 Vitam
1306 5203 1463 5278 multiplici
1476 5203 1591 5262 toenora
1603 5205 1774 5272 terminent,

313 5299 420 5356 atores.
433 5293 465 5356 t.
480 5294 588 5366 Gloria,
604 5298 633 5352 at
646 5293 753 5351 honor.
774 5293 804 5347 P.
822 5293 970 5350 Doctores.
1194 5293 1337 5367 consepti
1351 5290 1485 5360 tumulis,
1500 5292 1626 5351 urbibus
1641 5295 1671 5351 in
1687 5293 1770 5351 suis:

349 5382 494 5443 nominos
507 5382 556 5442 sit.
576 5393 611 5455 p.
630 5385 665 5440 lit
675 5397 755 5440 cum.
1195 5380 1242 5439 Sic
1255 5397 1364 5457 sparso
1376 5381 1486 5450 cinere,
1501 5398 1564 5440 una
1573 5397 1688 5442 corona
1700 5386 1753 5441 est.

351 5471 468 5532 Lauda.
477 5471 639 5546 Disciplina
645 5475 675 5530 et
683 5467 830 5544 sapientia
837 5467 962 5544 replevit
967 5467 1033 5528 illos
1044 5469 1142 5529 homi·
1232 5470 1308 5530 Hinc
1325 5475 1355 5530 te
1369 5471 1457 5530 turba
1470 5474 1577 5545 potens
1590 5472 1682 5532 unica
1692 5469 1797 5546 septies
