4117 6175
82 223 174 290 ‘1297
630 223 873 284 saumonem.
893 253 929 267 --
944 217 1053 278 imre
1074 221 1290 284 DECEMBRIS.
1741 225 1810 282 1298

102 345 307 404 sanctuarium
318 347 389 404 llsi:
406 347 570 419 intelligam
597 350 629 406 irs
640 351 814 409 nomsslma.
845 349 878 404 P.
895 349 966 405 lits
982 346 1108 404 inomni
1122 363 1263 424 progenie
1273 354 1301 406 et
1315 347 1508 420 generatione
1523 351 1530 366 '
1546 361 1637 420 super
1664 349 1805 406 timentes

101 434 134 490 in
148 435 241 491 omni.
252 435 284 495 i.
304 436 412 503 Gloria,
426 440 455 494 st
466 437 574 494 bonor.
590 437 623 494 P.
637 441 712 496 litia
726 440 819 496 omni.
982 450 1062 492 eum.

137 523 248 582 Oratio.
262 524 383 595 Christe,
411 525 461 583 liei
472 526 624 598 Sapientia
648 529 754 584 summi
777 525 874 585 Petris
898 528 927 582 et
1016 525 1094 583 Pecit
1102 526 1267 598 potentiam
1290 527 1320 583 iu
1340 526 1464 584 brachio
1484 542 1538 583 suo
1555 525 1732 598 :¹dispersit
1752 540 1802 580 su·

101 611 246 679 Verbum,
261 613 314 688 qui
329 613 461 672 aedifices
477 613 530 672 tibi
544 616 780 688 comptissimam
791 613 923 680 domum,
979 613 1089 686 perbos
1100 615 1369 672 menteinlelleclus
1380 613 1477 672 cordis
1488 629 1602 672 eorum.

99 700 197 760 uaria
208 701 336 774 Virginis
347 706 475 769 uterum,
487 704 517 759 in
528 719 589 776 qus
601 703 666 776 ipse
676 703 803 761 coelestis
811 701 924 775 justitie
1014 702 1297 777 Deposuitpotentes
1310 703 1348 760 de
1358 703 1437 773 sede,
1451 707 1461 728 '
1478 700 1795 761 etexallavitlrumiles.

98 790 253 862 prospicis,
267 795 296 848 et
308 790 347 847 de
360 791 560 864 quairnctum
574 790 765 863 benignitatis
785 795 843 848 ture
854 805 923 863 pro·
1013 791 1180 850 Esurientes
1193 791 1322 865 implevit
1347 791 1434 848 bonis
1448 793 1480 848 ε*
1498 795 1527 848 et
1550 789 1655 847 divites
1683 788 1795 846 dimisit

97 876 196 943 ducis,
210 879 284 936 dum
297 878 329 936 iu
342 894 378 937 ea
396 883 426 936 et
441 879 557 954 absque
582 883 663 937 reste
679 895 824 954 corporee
845 882 922 936 lleus
975 878 1095 938 inanes.

95 965 272 1038 ingrederis,
285 966 555 1042 etdequavestitus
567 983 655 1026 carne
666 969 804 1043 procedis
813 985 821 1036 ;
830 982 921 1042 prees·
1010 968 1144 1042 Suscepit
1155 969 1243 1026 lsrael
1257 983 1383 1042 puerum
1399 983 1497 1036 suum,
1515 969 1532 1002 '¹'
1546 981 1657 1024 memor
1681 965 1795 1022 miseri·

96 1059 128 1113 ta
155 1055 244 1112 nobis
267 1056 453 1130 supplicibus
474 1057 545 1129 tuis,
568 1063 601 1115 ut
618 1057 836 1115 sanctiticatam
862 1072 920 1114 nos
974 1056 1084 1114 cordiae
1103 1073 1188 1116 suae:

96 1142 149 1200 e'bi
159 1143 283 1200 domum
294 1143 406 1202 siilcias
416 1145 455 1202 de
468 1161 541 1218 qua,
555 1150 588 1203 ut
598 1161 728 1219 sponsus
742 1144 918 1218 prosaicus,
1008 1147 1081 1213 Qum
1092 1145 1208 1203 locutus
1218 1151 1262 1203 est
1280 1150 1319 1204 od
1330 1148 1430 1218 patres
1455 1149 1584 1212 nostros,
1606 1141 1791 1212 Abrabam·

95 1244 222 1302 operum
240 1236 414 1289 nostrorum
431 1232 577 1304 dignitato
599 1231 804 1292 circumluitus
826 1247 917 1308 appa·
972 1241 1001 1290 et
1010 1234 1117 1292 semini
1132 1235 1196 1307 ejus
1206 1251 1301 1309 usque
1319 1236 1350 1291 in
1361 1234 1508 1291 saeculum.

95 1332 172 1374 reas.
190 1329 222 1388 ll.
235 1319 342 1376 Amen.
1008 1321 1155 1389 Gloriari
1169 1323 1276 1381 honor.

131 1416 163 1476 ip.
179 1406 292 1464 Placuit
301 1409 360 1464 ileo
373 1407 494 1466 castitas
503 1407 734 1466 otimmaculata
746 1407 916 1479 virginitas;
1007 1410 1299 1484 OratioMagnifioat
1308 1413 1419 1474 secate.
1431 1409 1564 1475 Domine,
1572 1408 1793 1482 redemptorem

93 1494 127 1551 P.
148 1495 269 1567 Propter
282 1495 381 1552 hocin
397 1501 480 1553 utero
503 1497 570 1568 ejus
598 1497 735 1567 ingressa
749 1501 793 1553 est
815 1502 918 1554 sancta
971 1499 1210 1557 nostrumbeaiae
1222 1497 1795 1557 Genitricisrocaomnlsconrentcslic-

93 1583 209 1656 pietas:
224 1581 263 1640 de
277 1583 377 1641 Verbo
403 1588 525 1658 partum
554 1584 685 1642 ostendit
714 1583 917 1641 admirabilem
971 1588 1068 1645 clesire
1085 1588 1177 1662 :quia
1186 1587 1338 1661 respexisti
1349 1586 1548 1645 bumilitatem
1576 1583 1695 1641 Ancilla
1721 1585 1790 1647 tum,

90 1671 231 1744 genuisse
246 1672 396 1744 virginem
420 1673 514 1730 Deum
526 1678 554 1731 et
569 1673 736 1732 bominem.
746 1673 778 1736 i.
792 1673 918 1731 Adnun-
934 1695 1041 1751 geum
1056 1683 1083 1736 te
1095 1682 1123 1735 el
1138 1679 1224 1749 Virgo
1239 1682 1344 1735 sancta
1365 1675 1517 1749 concepit:
1530 1679 1560 1732 et
1577 1673 1708 1731 Ecclesia
1731 1686 1791 1728 cre-

90 1760 246 1818 ciarerrmt
257 1759 323 1817 eoeli
335 1761 481 1833 justitiam
494 1762 560 1834 ejus
575 1779 582 1818 ι
595 1765 624 1819 et
649 1759 790 1820 viderunt
810 1776 917 1819 omnes
971 1767 1071 1825 dendo
1084 1766 1225 1838 cognovit
1236 1784 1243 1824 :
1256 1783 1326 1823 cum
1334 1765 1371 1822 de
1380 1765 1430 1822 illa
1436 1763 1581 1838 prodieris
1590 1781 1597 1832 ;
1606 1767 1635 1819 ei
1648 1761 1739 1818 istam
1745 1775 1791 1817 re-

90 1849 196 1923 populi
206 1848 332 1919 gloriam
358 1849 434 1922 ejus.
449 1853 481 1909 P.
496 1852 627 1924 Propter,
653 1849 686 1913 t.
701 1848 808 1917 Gloria,
825 1850 918 1907 etho·
971 1856 1100 1914 dimeres
1116 1855 1299 1913 :camillam
1314 1855 1433 1912 beatam
1444 1853 1548 1909 dicunt
1559 1855 1790 1920 omnesgentes;

90 1953 160 1994 nor·
174 1937 207 1993 P·
224 1939 353 2010 Propter·
970 1944 1002 2002 in
1016 1945 1103 2000 istam
1116 1944 1321 2001 beatificentur
1346 1941 1527 2017 populorum
1548 1938 1687 1997 omnium
1699 1937 1794 1995 natio·

129 2025 242 2083 Oratio
255 2027 393 2083 llecautet
407 2025 472 2091 tibi,
499 2027 634 2098 Domine,
654 2026 755 2084 omnia
781 2029 919 2084 amalum
971 2048 1043 2090 nes:
1059 2031 1182 2105 Suscipe
1196 2031 1415 2103 ergo,l)omiue,
1433 2029 1522 2087 israel
1533 2027 1679 2102 populum
1693 2031 1792 2094 tuum,

91 2114 242 2171 milvum
258 2130 383 2183 ¹¹⁰V¹1ffl2
395 2115 448 2188 qui
460 2115 491 2170 1¹1
503 2115 622 2186 Virgine
645 2115 734 2172 Uaria
761 2114 919 2172 (tetendisti
973 2136 1089 2178 memor
1103 2121 1312 2178 misericordiae
1325 2125 1383 2177 turs
1395 2137 1402 2188 ;
1415 2119 1466 2192 qui
1477 2117 1594 2174 loculus
1604 2131 1636 2173 es
1659 2113 1795 2187 patribus

90 2202 918 2276 novmparturilionismiraeulum:utiaminaciroumda-
972 2206 1107 2265 uostris:
1127 2213 1159 2264 ut
1168 2207 1421 2280 complementum
1438 2205 1474 2260 sit
1499 2203 1610 2259 Divina
1622 2201 1795 2274 promissio·

92 2292 259 2357 retritum,
270 2291 386 2362 etvirgo
400 2291 606 2350 sinesiricoitu
618 2291 734 2350 virilem
749 2297 919 2364 pareretse·
972 2297 1122 2364 nis,totius
1143 2294 1243 2353 liundi
1260 2293 1421 2368 redemptio
1450 2289 1621 2362 singularis.
1643 2299 1676 2359 re.
1690 2288 1797 2346 Amen.

92 2377 324 2453 semiermis]
344 2383 452 2438 Praesta
467 2380 557 2451 igitur
576 2380 663 2436 nobis
681 2381 750 2453 eius
775 2379 920 2451 suffragio
1007 2385 1062 2441 Per
1088 2382 1335 2442 misericordiam.
1860 2437 1868 2462 ,

93 2469 171 2524 tueri
182 2468 214 2524 iu
226 2467 346 2535 seculo,
363 2483 432 2540 qum
446 2473 472 2525 te
497 2472 585 2541 partu
608 2467 699 2525 edidit
719 2468 917 2540 incorrupto:
1008 2472 1054 2530 Ad
1062 2473 1248 2530 Benedictus.
1263 2471 1452 2540 Antiphone.
1465 2464 1795 2532 Benedictio,ethonor,

95 2571 182 2612 mens
194 2563 297 2613 nostra
310 2555 425 2626 fulgore
438 2557 538 2614 Sancti
561 2558 688 2629 Spiritus
712 2562 862 2627 vegetata,
878 2557 920 2613 ita
973 2568 1001 2618 et
1015 2562 1119 2632 gloria,
1129 2566 1157 2616 et
1164 2565 1296 2632 potestas
1309 2561 1366 2614 [leo
1376 2564 1475 2614 nostro
1485 2555 1645 2628 :quonium
1653 2555 1799 2608 venerunt

95 2659 230 2700 amorem
255 2649 314 2701 tum
337 2645 503 2702 dilectionis
530 2645 689 2717 concipiat,
716 2651 748 2700 ut
768 2645 919 2701 bonorum
973 2649 1085 2722 nuptiae
1099 2647 1184 2715 Agni,
1196 2645 1391 2717 gaudeamus,
1408 2651 1436 2700 et
1450 2643 1586 2699 laetemur
1598 2641 1629 2695 in
1644 2655 1689 2695 eo.

94 2747 215 2804 semper
227 2738 349 2789 actuum
374 2733 520 2807 parturiat
545 2734 740 2791 incrementa.
762 2742 795 2803 ip.
811 2734 917 2789 Amen.
1009 2737 1174 2793 canticum.
1198 2732 1382 2790 Benedictus.
1397 2731 1453 2802 sot.
1467 2735 1494 2788 6.

130 2822 186 2877 Per
204 2821 453 2880 misericordiam.
1007 2824 1090 2882 Scan.
1104 2823 1248 2898 Apparuit
1259 2819 1391 2890 angelus
1404 2818 1514 2878 llariae.
1544 2816 1646 2884 Quare
1671 2816 1704 2872 sis
1715 2820 1796 2872 retro

130 2909 311 2981 Antiphone.
325 2910 430 2966 llissus
442 2913 489 2968 est
499 2909 617 2968 Gabriel
630 2911 762 2981 Angelus
794 2909 833 2966 ad
863 2912 919 2968 lla·
972 2915 1003 2969 in
1021 2912 1153 2982 Vesperi
1179 2907 1420 2983 precedentibus.

92 2997 170 3054 nam
185 2999 335 3069 Virginem
354 2997 571 3072 desponsatam
599 2997 710 3072 ioseph
728 2995 958 3093 adnunciarisc
1007 3001 1120 3060 laude.
1146 2998 1276 3058 Laudato
1296 2997 1457 3055 Dominum
1471 2995 1510 3052 de
1534 2991 1620 3050 Goelis
1644 2991 1793 3048 alleluiae

93 3084 223 3143 Verbum
237 3103 245 3153 3
258 3092 287 3143 0²
297 3083 737 3158 expeleessiiliirti0d⁰lt¹miss⁶²
749 3089 790 3143 ΝΘ
799 3086 918 3151 limene,
972 3090 1094 3149 laudate
1105 3104 1175 3147 eum
1185 3090 1216 3145 in
1225 3085 1360 3155 excelsis,
1373 3083 1508 3153 Alleluia,
1524 3079 1652 3150 alleluia,
1666 3079 1795 3139 alleluia.

93 3172 194 3242 laria,
209 3173 347 3231 invenisti
359 3173 487 3246 gratiam
506 3174 589 3247 apud
614 3175 778 3232 Dominum.
793 3173 827 3229 P.
846 3176 919 3231 Ecce
973 3182 1105 3239 psalmas
1132 3193 1244 3236 cxnvm.

93 3260 254 3334 concipies,
269 3261 408 3334 stpsries
421 3278 428 3317 :
441 3267 471 3318 et
484 3260 641 3319 vocabitur
662 3260 806 3320 ditissimi
817 3259 917 3319 Filius.
1007 3270 1101 3327 eserie
1117 3267 1185 3325 iibri
1201 3264 1363 3323 Ezechielis
1386 3262 1544 3332 Propheta
1557 3259 1642 3331 (Gap.
1668 3256 1759 3328 xnus).

92 3348 127 3410 i.
141 3349 217 3417 ouis
229 3354 327 3408 rectus
336 3355 383 3407 est
397 3364 496 3407 sermo
515 3348 645 3420 llomini,
660 3355 690 3407 et
713 3351 817 3407 omnia
829 3365 919 3423 opera
1007 3371 1042 3430 p.
1054 3357 1114 3415 ileo
1129 3355 1252 3427 gratias.

94 3438 159 3508 ⁰1⁰⁸
172 3440 204 3495 iu
217 3438 287 3495 fide·
302 3442 323 3494 Ρ
336 3442 410 3497 Εθθθ
424 3438 585 3511 ῦθῠθὶβίθθ·
600 3437 631 3500 Y·
643 3438 752 3509 Gloria,
767 3441 797 3495 ei
809 3439 917 3497 honor·
1009 3449 1098 3504 Pacta
1111 3448 1157 3502 est
1165 3456 1306 3516 superma
1319 3454 1427 3496 manus
1437 3436 1565 3503 Domini,
1574 3438 1602 3493 et
1612 3432 1736 3491 elevavit
1746 3448 1795 3488 me

93 3529 125 3583 P·
142 3528 389 3601 30000011059508·
867 3569 871 3576 «
972 3534 1104 3609 spiritus,
1125 3538 1153 3589 ei
1166 3530 1308 3588 duxitme
1320 3528 1358 3585 ad
1373 3532 1503 3601 portam,
1528 3540 1597 3599 quas
1619 3520 1797 3596 respiciebat

131 3616 242 3675 oraim
259 3618 367 3674 &neta
377 3616 428 3673 [lei
439 3616 578 3687 Genitrix,
594 3616 919 3689 quoeeeluteteebeln·
972 3624 1012 3682 ad
1024 3625 1102 3680 viam
1110 3620 1299 3679 orientalem.
1315 3619 1420 3674 Etecce
1433 3614 1585 3688 gloriaDci
1597 3611 1795 3683 lsraelingre-

93 3704 247 3775 geloaere
254 3705 384 3776 concipis
393 3703 589 3769 Verbumflde
599 3705 917 3778 maturasocsequium,
971 3713 1108 3769 dicontur
1121 3727 1127 3765 ι
1141 3714 1169 3765 er
1183 3712 1315 3765 roserat
1329 3708 1354 3763 ei
1365 3705 1451 3778 quasi
1466 3716 1677 3775 coaequarum
1691 3698 1797 3756 mnira-

93 3806 185 3850 carne
196 3806 324 3864 genesas
335 3792 450 3859 Filium,
466 3791 503 3848 de
527 3792 636 3849 lereiee
649 3809 868 3865 expavescens,
879 3794 918 3851 de
971 3818 1050 3868 rum,
1067 3804 1095 3857 st
1106 3790 1641 3869 terrasplendsbsramajestarsejus.
1656 3790 1689 3845 Et
1702 3786 1796 3845 cecidi

92 3885 190 3953 gratia
199 3882 399 3954 praeveniente
414 3882 570 3939 confidens
581 3898 589 3945 ;
600 3882 920 3956 supplicumvotsetll·
972 3904 1060 3962 super
1071 3887 1178 3944 taciem
1192 3900 1301 3941 meam.
1318 3886 1351 3940 Et
1363 3884 1505 3953 majestas
1526 3877 1644 3936 Domini
1657 3877 1795 3947 ingresse

91 3985 148 4027 ees
164 3970 266 4041 eeeine
280 3969 424 4042 plenium,
434 3974 463 4027 et
475 3984 579 4042 preces
591 3969 749 4042 opulenter
761 3985 918 4029 remunero
971 3983 1016 4035 est
1030 3974 1147 4035 nomini
1159 3973 1296 4032 domum.
1311 3970 1450 4029 scauuini
1464 3970 1637 4042 loquentem
1647 3966 1686 4022 au
1698 3980 1746 4021 ma
1756 3964 1794 4020 ce

91 4058 292 4130 ’indubium
301 4062 334 4114 ¹12
345 4062 482 4115 materno
496 4063 622 4114 cunctos
635 4058 750 4127 srsmio
770 4058 918 4117 solaturos
971 4066 1074 4135 domo,
1084 4069 1113 4121 ct
1125 4064 1168 4118 vir
1182 4061 1337 4136 quistabat
1346 4060 1433 4132 juxta
1446 4074 1504 4123 me,
1517 4056 1591 4113 dixit
1602 4054 1642 4112 ad
1656 4068 1705 4109 me
1721 4068 1728 4109 :
1742 4051 1795 4109 Pili

90 4147 156 4219 (⁸50)
171 4145 332 4217 militm&
346 4160 423 4218 <1⁰0⁸
433 4146 464 4201 1¹¹
480 4145 538 4203 ¹¹⁸⁰
562 4145 798 4219 peregrinatione
824 4146 863 4203 ed
888 4152 918 4204 20
971 4154 1113 4221 bominis,
1125 4151 1208 4208 locus
1223 4149 1290 4207 solii
1301 4149 1371 4217 mei,
1387 4152 1416 4206 et
1429 4145 1512 4207 locus
1536 4142 1652 4215 vestigii
1674 4140 1794 4216 ,pedum

90 4233 779 4305 concurrentesrespiciscernuos,lesutllrristo
794 4233 917 4293 iiliotuo
971 4259 1120 4309 meorum,
1138 4238 1299 4297 uhihabito
1315 4237 1507 4295 maternum.
1538 4233 1632 4303 capit.
1654 4234 1699 4287 li.
1724 4230 1794 4289 Posi

90 4320 222 4379 1)θωὶΠο
235 4326 339 4380 ssoelffl
362 4326 561 4395 “Plffifflsslee
574 4322 705 4380 ῑῑὶΙίθῦῡῡ·
720 4334 755 4392 R·
774 4326 880 4381 Amen·
970 4334 1035 4391 baec
1049 4330 1182 4389 converti
1199 4345 1246 4385 me
1257 4327 1297 4385 ad
1316 4327 1411 4385 ritem
1437 4328 1528 4398 portae
1542 4320 1714 4386 sanctuarii,
1725 4336 1794 4394 quae

129 4409 195 4468 Pet·
971 4420 1149 4494 respiciebat
1162 4418 1201 4476 ad
1217 4418 1364 4475 Orientem
1378 4433 1384 4472 :
1400 4429 1468 4488 qum
1480 4415 1544 4469 erat
1554 4410 1668 4469 clausa.
1684 4407 1795 4466 Etdixit

394 4524 430 4580 ιη
455 4522 615 4581 gaudeam,
973 4507 1119 4567 Dominus
1130 4506 1169 4563 ad
1180 4520 1229 4563 me
1245 4526 1251 4566 :
1267 4505 1354 4562 Porta
1362 4503 1429 4567 iste,
1451 4516 1545 4574 quam
1571 4498 1655 4556 rides
1678 4496 1793 4559 clausa,

971 4611 1033 4655 non
1048 4594 1197 4667 aperietur
1213 4612 1220 4649 ι
1236 4592 1314 4648 elvir
1324 4606 1385 4648 non
1398 4588 1536 4647 transibit
1548 4602 1676 4662 peream
1692 4598 1700 4641 ε
1715 4597 1794 4657 quo·

970 4685 1053 4743 niam
1071 4681 1212 4739 llominm
1227 4682 1304 4737 Deus
1325 4679 1414 4737 lsrael
1435 4676 1618 4751 ingredietur
1638 4687 1692 4747 per
1715 4686 1794 4741 eam,

972 4779 1001 4831 et
1014 4772 1069 4829 erit
1082 4770 1185 4827 clausa
1196 4768 1333 4842 principi.
1341 4770 1374 4824 lit
1382 4768 1522 4842 princeps
1534 4766 1597 4837 ipse
1612 4759 1687 4817 sedit
1701 4760 1732 4817 in
1744 4773 1792 4825 ea,

971 4866 1004 4919 ut
1016 4860 1156 4919 comedat
1170 4874 1281 4931 panem
1293 4873 1390 4914 coram
1403 4856 1536 4914 Domino.
1551 4854 1740 4921 itureamque
1751 4847 1794 4903 ri-

341 4932 501 4991 Catiil'fflm
524 4933 624 5004 (ῙΜΕ
635 4932 667 5002 ¹)·
971 4950 1001 5006 di
1013 4967 1021 5005 :
1034 4951 1068 5006 lit
1079 4963 1146 5005 ecce
1155 4946 1249 5018 gloria
1258 4944 1377 5002 Domini
1393 4941 1527 5015 implerit
1540 4938 1665 4995 domum
1681 4934 1743 5000 Dei,
1765 4937 1794 4992 et

127 5040 406 5113 llaguifleatauima
420 5055 489 5097 mes
502 5037 664 5095 Dominum
681 5039 751 5094 :'et
779 5037 919 5098 exultavit
971 5038 1186 5097 audivivocem
1201 5030 1453 5108 dicentis:[ccccv]
1461 5026 1617 5087 Benedicta
1629 5024 1724 5097 gloria
1732 5024 1792 5083 llo·

88 5129 213 5202 spiritus
226 5144 306 5187 meus
320 5129 352 5185 in
365 5128 425 5187 lleo
442 5126 561 5184 salutari
587 5141 665 5184 meo.
693 5124 770 5195 Quia
787 5129 919 5202 respexit
971 5127 1046 5185 mini
1060 5125 1098 5183 da
1111 5124 1177 5181 loco
1190 5129 1294 5181 sancto
1313 5138 1378 5179 suo.
1394 5131 1427 5191 lp·
1442 5122 1543 5176 Amen.

87 5216 285 5276 bumilitatem
305 5216 421 5273 ancillae
438 5231 501 5271 suar
518 5234 524 5271 :
1308 5212 1456 5282 Hymnus.

127 5308 201 5363 Ecce
212 5306 293 5363 enim
307 5321 344 5362 cx
358 5305 540 5361 bocbeatem
549 5319 597 5359 me
607 5302 916 5375 dicentomnesgene·
1150 5308 1172 5358 Α
1188 5301 1258 5358 solis
1272 5304 1355 5357 ortus
1369 5295 1490 5355 cardine

88 5394 232 5451 rationes.
245 5394 261 5427 ¹
276 5393 350 5460 Quia
360 5392 426 5449 iecit
439 5391 514 5447 mibi
540 5405 652 5461 magne
670 5390 723 5465 qui
738 5396 845 5464 potens
860 5398 916 5463 est,
1115 5393 1147 5445 lit
1161 5406 1255 5461 usquc
1277 5395 1360 5446 terrm
1375 5386 1508 5449 limitem,

129 5484 312 5539 dissuetum
335 5480 537 5551 nomenoius.
566 5480 600 5535 lit
613 5478 818 5537 misericordia
851 5481 918 5552 eius
1113 5477 1259 5534 Christum
1280 5492 1424 5533 canamus
1440 5474 1614 5546 Principem,

132 4630 349 4690 ducentarum.
365 4630 549 4702 Antiphone.
561 4630 641 4688 Fecit
655 4629 729 4687 milri
742 4646 851 4703 magna
865 4630 918 4706 qui

91 4726 267 4795 potensest,
283 4725 311 4777 et
322 4724 463 4777 sanctum
478 4720 678 4791 nomenoius.
701 4721 733 4775 lit
745 4721 916 4779 misericor·

90 4810 145 4868 dia
159 4810 225 4882 ejus
237 4809 359 4866 inomni
371 4809 514 4882 progenie
527 4810 558 4866 in
573 4807 774 4880 generatione.
