4117 6175
101 288 157 358 att
733 301 1169 385 nummumnuoauu.
1753 329 1808 390 ers

211 423 296 483 llario
304 425 460 500 languenti
475 431 589 506 populo
611 435 747 507 rigorem
762 453 770 493 ε
943 439 969 495 Δ
1019 445 1185 506 innomine
1199 445 1417 505 llomininostrl
1430 447 1808 520 tasumusu,sa1usinttr

177 513 270 570 nitius
284 513 401 587 largam
411 518 442 578 in
457 521 577 594 populis
603 523 729 582 salnlcm
743 541 750 581 ε
983 548 1104 594 morum
1117 552 1280 610 cumpace.
1295 549 1327 608 tp.
1341 539 1402 595 Deo
1415 538 1539 610 gratias.

177 602 319 676 Pristinis,
335 612 419 665 moro
434 608 533 678 solito,
548 612 717 672 reformans
1267 626 1317 683 siti
1324 627 1522 685 malatinam.

249 692 367 751 Viribus
394 711 503 769 agros.
1019 713 1060 768 Ne
1073 711 1212 785 projicias
1223 728 1281 771 nos
1296 713 1452 773 Dominae
1466 713 1617 774 iacintus:
1627 717 1665 775 P.
1676 720 1710 776 El
1721 719 1807 792 epiri-

214 781 380 856 Gorporum
390 789 525 856 morbos,
541 791 712 866 animasque
722 802 799 853 sana
814 806 822 852 t
984 800 1048 856 tunt
1062 804 1201 858 sancium
1213 805 1299 860 tuum
1313 815 1352 860 ne
1372 801 1520 862 anlerasa
1540 803 1637 862 nobis.
1654 805 1766 866 Peolm.
1779 825 1805 864 n.

177 867 344 928 vulnerum
354 875 453 932 causis
464 873 753 950 edbibrmsdalam;
982 887 1020 944 Ρ.
1037 885 1377 963 Eispirttumsanrtum.
1396 896 1437 950 lta
1461 893 1611 966 projicias.

177 960 219 1017 tis
232 961 296 1017 sins
310 961 409 1021 bactu
418 968 568 1026 munietur
582 973 648 1029 urat
1020 977 1133 1037 omno.
1148 983 1189 1037 lie
1203 981 1345 1055 projicias
1356 996 1413 1042 nos
1427 984 1553 1042 nomine
1567 984 1667 1043 aiacis
1676 989 1729 1044 tua
1738 1002 1746 1056 ;
1756 1000 1808 1044 ne·

251 1052 382 1123 Corpora
409 1058 524 1116 nostra.
985 1081 1043 1139 qus
1056 1067 1514 1130 auicrasmisericordiamtuem
1526 1085 1545 1132 a
1559 1073 1649 1132 nobis
1665 1095 1672 1132 ε
1689 1077 1808 1148 utqnos

213 1140 318 1197 omnis
336 1141 643 1220 impulsusporimsns
660 1148 804 1208 recaduti
983 1159 1085 1236 reatus
1097 1157 1239 1218 iocinoris
1256 1163 1336 1219 tanet
1349 1161 1516 1231 obnoxios3
1535 1163 1735 1224 miserationis
1749 1168 1807 1224 tua

179 1226 282 1284 Omnis
292 1227 431 1287 incursus
446 1235 585 1292 orucians
612 1236 756 1310 liquescat
772 1255 780 1297 r
984 1243 1142 1306 elementia
1153 1247 1416 1309 iaolatabsnlutos.
1444 1261 1477 1324 tp.
1490 1255 1594 1311 Annon.

176 1308 612 1390 tigoroptemtovaatsuutis
1019 1332 1087 1391 Per.

249 1407 381 1465 ltcmbra
402 1409 539 1468 dolentis.
1020 1423 1203 1494 antiplona.
1213 1425 1467 1499 Salvatornoeier,
1481 1427 1626 1488 salvanos
1639 1431 1672 1488 in
1679 1431 1809 1490 mentio·

214 1491 292 1561 lam,
311 1493 402 1568 Deus,
429 1503 550 1557 nostros
570 1500 710 1561 misor-crs
730 1505 819 1563 datus
985 1524 1025 1568 ne
1035 1514 1086 1568 tua
1098 1528 1106 1579 ;
1118 1513 1153 1568 Ρ.
1166 1516 1202 1572 Et
1214 1513 1400 1588 indulgentia
1412 1518 1463 1574 lua
1474 1516 1568 1575 libera
1584 1533 1653 1576 nos.
1668 1518 1701 1580 li.
1721 1519 1767 1576 ild
1782 1525 1809 1578 ta

181 1581 228 1639 Sic
242 1581 355 1656 quibus
372 1590 400 1643 te
415 1602 495 1645 nunc
505 1589 634 1663 petimus
649 1591 772 1663 medarl3
986 1596 1237 1661 levamusoeulns
1250 1607 1379 1671 nostros,
1393 1604 1447 1678 qul
1460 1603 1579 1664 habilae
1588 1605 1619 1664 in
1631 1607 1722 1665 coelir.
1735 1607 1767 1664 P.
1778 1609 1812 1666 Et

181 1671 215 1728 tit
227 1673 310 1732 inam
326 1673 424 1732 omnis
444 1677 594 1737 recubans
605 1681 754 1742 medelam
985 1685 1187 1759 indulgentia.
1201 1690 1234 1753 lt.
1253 1691 1361 1749 Gloria.
1375 1693 1410 1749 P.
1424 1695 1457 1749 Et
1474 1691 1669 1765 indulgentia.

251 1780 362 1838 sentiat
386 1798 486 1855 ager:
946 1766 970 1835 B
1022 1776 1136 1835 omlis.
1152 1779 1621 1854 omnipotenssamptterneileus
1636 1781 1811 1842 molineau-

216 1885 280 1952 Quo
306 1903 359 1960 W
373 1887 465 1948 inlata
478 1896 561 1950 mm
585 1892 659 1953 dum
682 1899 815 1956 teruntur
984 1876 1051 1921 ram
1067 1869 1150 1924 luam
1158 1868 1430 1942 supplicationibus
1441 1871 1549 1928 nostris
1560 1875 1603 1929 :at
1614 1872 1810 1943 lamullsluis,

179 1929 368 2034 Erum-(grum
379 1994 506 2038 „mro
528 1980 630 2040 decori
815 1942 824 1971 '
986 1954 1419 2024 omnibusildetibnsinfirmie,
1435 1959 1563 2017 adversa
1571 1959 1813 2034 corporisvnlitu·

181 2061 340 2137 00m90103
356 2063 474 2139 intrem,
499 2069 632 2128 sociante
646 2071 754 2143 fructu,
986 2041 1060 2100 dine
1072 2042 1292 2113 laborantibus,
1303 2047 1429 2104 coelestis
1442 2047 1732 2119 gratiamadicinam
1741 2061 1813 2106 con·

250 2173 353 2243 Regna
365 2173 520 2247 polorum.
985 2131 1088 2277 ⁶⁶22,
1103 2230 1141 2293 R·
1163 2223 1268 2280 Amen·

215 2275 790 2355 ournmpsausisuonnfflussuus:
1023 2309 1813 2379 intramuranisnonunomuemususornun

181 2365 413 2469 murmurat,
440 2376 537 2439 sanas,
553 2377 583 2430 at
602 2375 754 2435 revolvet:
986 2399 1073 2454 roem
1087 2410 1094 2457 e
1109 2395 1429 2458 antemuranum
1443 2399 1484 2457 us
1499 2397 1597 2458 nonis.
1620 2401 1652 2464 r.
1669 2403 1704 2459 ut
1717 2402 1815 2462 eonn-

180 2457 301 2514 Nommi
317 2459 414 2526 Tnss'its
429 2461 535 2519 Uestali
557 2461 614 2520 ⁸⁰11
987 2487 1106 2542 termut·
1119 2487 1237 2543 nomini
1255 2488 1423 2545 sanctotuo
1440 2490 1493 2555 tat
1509 2487 1712 2558 gloriamurin
1724 2488 1814 2548 laude

251 2543 354 2603 Sidera
368 2546 506 2608 clament.
989 2577 1052 2631 tua.
1066 2573 1103 2630 Ρ.
1120 2573 1349 2636 staduimus.
1367 2573 1475 2643 storia,
1487 2578 1514 2631 et
1529 2574 1677 2632 honora
1688 2579 1723 2635 st
1734 2578 1814 2637 suu·

146 2649 336 2722 snpplicatio.
345 2653 826 2731 Gremuelledamptorsmmundi,
836 2659 935 2717 liomi·
987 2661 1062 2718 lere.

107 2743 184 2795 num
196 2743 335 2799 uernum
345 2743 447 2801 lesum
453 2743 935 2822 Christumcumomnlsupplica·
1024 2749 1138 2807 Oratio.
1154 2751 1241 2819 neus.
1252 2751 1305 2824 qui
1316 2751 1523 2808 “mmmmm
1537 2751 1591 2809 ΠΜ
1605 2752 1697 2811 ⁰⁰¹¹d⁸
1713 2755 1815 2827 purifi·

108 2829 189 2885 tiona
211 2841 354 2902 rogemus
368 2850 376 2902 ;
388 2838 421 2890 ui
442 2834 567 2893 vulnera
590 2835 769 2894 iamnlorum
797 2844 933 2910 suorum,
987 2846 1056 2906 caet
1072 2841 1101 2896 at
1115 2843 1307 2896 accusantem
1321 2837 1589 2898 conscientiamab
1603 2841 1814 2901 omnivinculo

107 2917 245 2975 bmnium
255 2914 391 2978 iidolium
399 2921 597 2995 infirmorum,
613 2925 760 2999 propitius
774 2939 880 2985 cauare
892 2926 935 2983 di·
986 2925 1153 3000 lnlquitatis
1171 2927 1306 2987 absolvis
1320 2938 1330 2986 r
1342 2927 1383 2986 de
1395 2928 1619 3000 indulgentiam
1634 2929 1772 3002 ianrulist
1786 2934 1816 2990 et
1920 2969 1930 2982 -

107 3011 226 3077 gnslur.
239 3017 271 3081 tt.
286 3009 400 3069 Prusia
414 3015 523 3070 reterns
535 3013 726 3088 omnipotens
739 3015 826 3073 Dans.
988 3015 1117 3075 aoelestie
1129 3017 1230 3091 gratim
1242 3031 1402 3092 synceram
1408 3017 1590 3078 medicinam
1605 3028 1709 3080 eorum
1719 3019 1815 3079 itibus

144 3092 232 3170 kyrie
247 3096 371 3157 eisison.
391 3112 423 3173 p.
439 3100 552 3161 Gbrisle
566 3102 688 3162 eleison.
706 3104 795 3179 syris
810 3102 933 3164 eleison.
949 3129 972 3193 c
988 3107 1221 3182 corporibustp.
1234 3108 1340 3167 Amen.

144 3181 300 3257 capitula.
314 3190 483 3261 precamur,
500 3193 633 3259 Domine,
647 3197 681 3251 ut
704 3201 760 3251 nos
774 3194 806 3251 in
818 3192 861 3251 ira
884 3194 936 3253 lua
1023 3198 1086 3254 Par.

107 3290 171 3332 non
186 3289 293 3347 arguas
308 3295 316 3334 :
329 3278 697 3341 ntiurorcmiuuminnos
716 3282 858 3341 dasoerlra
872 3296 935 3342 non
988 3282 1175 3356 insparsa.
1190 3284 1368 3345 Convertere
1382 3280 1517 3354 Domina,
1531 3288 1560 3343 at
1587 3284 1668 3357 eripe
1694 3284 1813 3344 animas

107 3362 191 3420 sinae
205 3364 279 3424 :scd
291 3364 586 3444 placiduscorraptor
597 3370 667 3428 tolle
675 3370 933 3445 personaturum
988 3378 1119 3432 nostras.
1128 3373 1161 3432 P.
1171 3376 1377 3433 litsnlvosnos
1387 3375 1434 3431 iao
1444 3378 1567 3447 proptor
1576 3373 1813 3431 misericordiam

107 3463 148 3509 na
159 3466 216 3510 nos
230 3456 384 3525 arguendo
393 3456 508 3525 donus,
521 3460 672 3533 propellas
683 3458 722 3518 ad
731 3460 876 3518 nihilum:
887 3461 936 3520 ui·
988 3465 1093 3523 tuam:
1110 3462 1180 3535 quia
1194 3474 1256 3520 non
1267 3466 1312 3521 ssi
1325 3464 1356 3519 in
1371 3462 1527 3535 mortequi
1540 3474 1656 3519 memor
1666 3460 1704 3519 rit
1715 3460 1766 3519 iul.
1780 3461 1814 3523 ll.

108 3556 207 3600 sarcre
221 3542 406 3621 arg0[cxnrr]
418 3546 582 3608 infirmitati
595 3555 706 3608 nostras
722 3568 730 3606 r
746 3554 775 3608 at
798 3548 934 3609 lamule·
990 3550 1125 3617 Domina,
1140 3550 1216 3609 nain
1229 3551 1330 3609 lurore
1341 3554 1393 3608 luo
1405 3565 1515 3620 arguas
1524 3560 1581 3606 nos
1596 3568 1603 3609 ε
1620 3561 1717 3622 neque
1726 3550 1756 3607 in
1769 3549 1814 3609 ira

107 3634 323 3706 ruminatum,
338 3635 477 3695 omnium
491 3636 626 3697 ildsllum
644 3638 835 3698 intirmorum
850 3644 935 3698 tuam
988 3642 1042 3697 tna
1053 3638 1196 3712 corripias
1210 3652 1279 3698 nos.
1292 3640 1323 3695 Ρ.
1337 3640 1372 3696 iit
1394 3637 1508 3696 salvos.
1532 3636 1566 3700 i.
1581 3636 1688 3705 Gloria,
1711 3640 1740 3695 at
1760 3636 1814 3695 ho·

107 3720 230 3794 imperti
241 3721 391 3783 medelam
407 3728 647 3800 :aiquoscsrnis
674 3728 799 3803 proprio
820 3728 936 3787 turbari
988 3731 1056 3787 tior.
1065 3726 1134 3784 l’AEt
1149 3727 1260 3785 salvos.
1718 3810 1725 3824 .

106 3812 934 3892 pensato,quietosdeputa,misericorditerindulgettdo.
1026 3816 1142 3874 Oratio.
1152 3814 1262 3873 Adesto
1278 3828 1465 3890 quaesumnr,
1475 3812 1612 3882 Domina,
1625 3810 1813 3885 supplicibus

145 3898 230 3958 Pelet
243 3906 353 3962 nomer.
366 3904 388 3961 t
404 3904 485 3963 malo
498 3922 555 3964 nos
564 3903 667 3964 libera.
676 3907 734 3978 roi.
750 3903 793 3964 to.
987 3902 1050 3963 inis
1063 3920 1071 3960 ε
1086 3902 1237 3977 atquibus
1250 3903 1452 3964 austeritatem
1462 3900 1552 3975 jueta
1566 3900 1759 3973 correpb'onis
1770 3901 1815 3958 in·

145 3986 329 4048 Benedictio.
343 3992 539 4067 Omnipotens
561 3993 718 4061 Dominus,
734 3993 787 4067 qui
800 3989 937 4051 fidelissi·
988 3990 1503 4066 iligis,propitiusadhlboansilium
1527 3988 1814 4049 misericordissimae

108 4087 180 4133 mos
188 4073 318 4137 famulos
333 4094 415 4148 suos,
422 4096 527 4140 omnes
534 4080 936 4153 ildalesinilrmos,corpcra·
989 4080 1213 4140 consolationis.
1229 4090 1262 4154 tt.
1273 4084 1378 4139 imon.

105 4160 128 4220 li
141 4163 264 4238 corripit
270 4166 400 4236 vulnere,
408 4168 474 4241 ipse
482 4168 559 4241 illos,
566 4172 594 4229 at
604 4186 661 4229 nos
677 4168 935 4243 acorporisman-
1024 4172 1088 4228 Par.

106 4252 210 4326 lisque
219 4254 560 4333 agritudinibnsexpial.
574 4262 723 4333 taimen.
740 4258 858 4333 Quique
867 4263 937 4316 nos·
1025 4268 1059 4332 g.
1077 4258 1174 4317 vitius
1187 4260 1301 4329 nostra,
1315 4258 1451 4329 Domine,
1464 4264 1527 4317 esto
1540 4256 1815 4317 ilrmamantumin·

106 4344 192 4401 tram
204 4339 238 4401 ln
251 4357 283 4402 se
299 4345 648 4421 suscepitinilrmitatem,
661 4344 937 4423 ipsanobis,oiillis
989 4348 1108 4407 ilrmis:
1125 4348 1160 4407 P.
1181 4348 1251 4407 linio
1265 4350 1425 4421 refugium,
1443 4354 1473 4406 at
1482 4347 1625 4407 liberator
1646 4348 1814 4423 oppressis:

109 4429 226 4490 tribuet
232 4432 394 4494 tolerantia
403 4436 533 4495 sinailne
541 4438 710 4496 mercedem
719 4434 939 4509 :taimentSic-
990 4436 1023 4503 a.
1040 4438 1109 4496 ltsio
1122 4436 1281 4496 brachium
1297 4442 1433 4496 nostrum
1443 4438 1475 4495 in
1488 4452 1588 4506 mana,
1601 4441 1630 4495 ei
1644 4438 1727 4495 salus
1747 4450 1816 4497 nos·

110 4534 288 4592 queomnss
300 4523 332 4581 in
347 4526 511 4598 communi,
528 4525 592 4599 eius
606 4526 702 4601 piatas
721 4526 830 4594 invasi,
845 4530 939 4584 utnec
992 4534 1038 4587 tra
1053 4528 1084 4587 in
1097 4531 1230 4601 tempora
1244 4524 1455 4585 tribulationis.
1471 4527 1505 4585 P.
1518 4529 1589 4585 Esto
1613 4525 1815 4598 refugiuml.

111 4614 257 4682 corrupta
267 4613 370 4671 nostra
381 4612 610 4674 salusdcsaeriat
622 4632 631 4688 ;
645 4630 700 4673 nec
720 4614 939 4690 desperationis
993 4617 1101 4682 Gloria,
1113 4619 1142 4673 st
1155 4615 1260 4673 honor.
1277 4616 1447 4674 Reiteretso·
1460 4614 1696 4687 responsoriam.

109 4694 270 4758 infirmitas
281 4700 364 4761 illata
387 4691 573 4762 succumbat.
590 4711 623 4777 tp.
639 4710 746 4763 arnan.
1028 4704 1212 4776 Antiphonti.
1224 4706 1284 4777 Ego
1300 4704 1449 4777 occidam,
1462 4703 1735 4763 strivaroiaciem:
1751 4711 1817 4774 per·

149 4783 264 4849 baudo.
277 4788 498 4852 selvosnosiac
510 4789 834 4853 llominobeusnosler
846 4812 854 4854 :
865 4790 941 4852 illc·
995 4794 1117 4862 cutiam,
1137 4795 1166 4850 et
1177 4805 1233 4864 ago
1246 4794 1372 4851 sanabo.

108 4877 187 4937 luia.
201 4882 231 4936 P.
248 4882 283 4937 tlt
292 4882 788 4949 conliteamurnominisanolotuo,
797 4879 939 4941 Alleluiar
1121 4880 1273 4940 costarum
1280 4876 1693 4953 Dmierouomiiiilnpmul·

110 4972 143 5026 ai
161 4967 325 5040 gloriemur
335 4970 367 5030 in
378 4972 469 5031 laude
484 4975 547 5033 lua.
561 4972 695 5041 Alleluia,
709 4970 839 5031 allelula.
849 4970 942 5034 aus·
1030 4970 1186 5032 unientur
1200 4968 1439 5042 collengnies·
1456 4974 1485 5028 et
1498 4968 1628 5026 deiectos
1649 4966 1680 5025 in
1704 4962 1818 5023 obduc-

108 5061 219 5115 mento
231 5059 490 5118 nostrillominein
502 5055 690 5135 beneplacito
700 5064 753 5119 tuo
770 5059 877 5120 :visita
886 5074 943 5116 nos
996 5062 1087 5130 tione,
1106 5065 1136 5117 et
1146 5058 1321 5117 dissolutos.
1670 5142 1675 5153 Ι

109 5146 195 5203 Deus
207 5145 238 5204 in
250 5146 344 5207 saluto
359 5151 420 5211 tua.
433 5149 469 5207 Ρ.
489 5146 525 5211 lit
539 5145 745 5209 confiteamur.
756 5146 788 5213 li.
804 5148 902 5207 Gloria
915 5150 944 5205 ei
1031 5150 1067 5206 Et
1080 5148 1142 5205 dlxi
1154 5164 1160 5205 :
1174 5148 1229 5207 ilbi
1243 5151 1315 5205 eunt
1326 5146 1369 5204 dii
1383 5143 1536 5218 tullerael,
1550 5146 1559 5164 ·
1581 5140 1736 5217 inquibus
1751 5154 1821 5201 con·

108 5234 222 5293 bonor.
239 5237 282 5295 P.
306 5236 345 5295 Ut
361 5238 569 5309 confiteamur.
996 5236 1113 5296 ildebas
1127 5236 1269 5309 inipsisl
1623 5318 1628 5331 '
1764 5317 1770 5329 ι

152 5325 266 5382 Oratio.
284 5326 480 5400 Omnipotens
507 5328 688 5405 sempiterne
702 5326 790 5401 Dens,
819 5326 942 5386 inclina.
1034 5328 1167 5393 Quorum
1181 5324 1270 5397 edlpa
1285 5322 1501 5383 sacrificiorum
1512 5316 1684 5391 edebatis*
1700 5324 1729 5377 ai
1739 5310 1823 5375 bibe·

116 5412 158 5471 Ut
170 5414 224 5472 liic
242 5414 338 5487 infra.
996 5414 1077 5473 betis
1090 5413 1196 5470 vinum
1210 5412 1388 5473 libationum
1403 5428 1507 5471 eorum
1522 5427 1531 5468 .·
1799 5494 1806 5507 ·

151 5503 208 5559 Per
230 5502 480 5563 misericordiam.
1034 5504 1182 5575 lixnrgaut
1196 5516 1288 5577 nunc,
1301 5507 1332 5563 oi
1357 5502 1503 5577 adjuvant
1512 5514 1577 5569 vos,
1591 5499 1639 5557 'rt
1650 5496 1726 5557 nant
1736 5494 1823 5557 eous

152 5587 357 5655 ”eminuerit
367 5604 401 5670 a.
415 5591 451 5654 lb
472 5601 552 5654 cum.
995 5594 1192 5666 micres.
