4117 6175
278 157 348 216 1015
905 145 1136 206 ΒΗΕἯΑΗΙῘῙΜ
1156 147 1355 216 GOTHICUM·

313 282 511 337 lienusmees
529 271 686 332 extosdiin
711 273 834 348 eltum,··
848 275 878 332 et
896 270 1144 344 insipientiores
1262 251 1271 260 ⁸
1301 281 1394 356 nujus
1407 281 1664 341 ,anefiponfiflois

169 436 172 443 .
279 388 345 460 eius
359 383 433 443 luxi.
1267 372 1301 427 llt
1312 371 1495 429 confessoris
1510 371 1618 429 merito

312 476 395 532 ilium
409 486 509 528 meam
519 468 614 526 direxi
634 468 673 527 ed
692 469 787 538 illem,
801 477 817 511 ⁴·
835 472 866 527 et
877 469 908 528 in
923 465 1108 539 magnitudi-
1268 459 1393 518 Proestes
1405 459 1494 518 nobis
1508 459 1631 532 soletie3

275 579 347 622 nem
361 560 460 620 inveni
473 572 553 616 eem.
1268 549 1441 624 Cunctaque
1451 564 1562 623 purges
1574 549 1664 610 noxie
1680 569 1688 606 z

309 650 429 710 Possedi
453 665 523 705 cum
543 647 612 722 ipse
630 663 682 706 eor
701 647 741 706 ub
753 646 838 706 initio
854 668 861 704 ε
878 646 1029 721 *propter
1049 643 1107 702 hoc
1304 637 1643 710 Utoontitenteseriges,

274 757 339 800 non
354 739 517 811 relinques.
1269 729 1302 784 nt
1313 731 1486 800 peccatores
1500 727 1639 795 redimes,

310 832 417 885 Venter
431 841 517 884 meus
539 825 736 883 conturbatus
750 830 795 883 est
810 825 974 899 querendo
990 839 1058 880 cem
1077 839 1083 878 :
1100 825 1109 840 '
1272 815 1417 874 Donendo
1431 816 1662 891 indulgentiam,

277 922 435 994 propterea
448 913 612 989 possidebo
626 914 740 972 bonam
754 914 988 988 possessionem.
1271 906 1303 962 Ei
1314 905 1495 963 conferendo
1511 905 1650 977 gratiam.

316 1005 408 1081 Dedit
419 1004 498 1060 enim
521 1001 595 1060 mihi
616 1002 761 1060 Dominus
779 1003 915 1075 linguam
940 1001 1108 1058 mercedem
1307 995 1381 1053 litut
1395 995 1439 1051 vir
1452 993 1500 1052 hio
1514 994 1668 1052 coufessus
1684 998 1730 1053 est

282 1111 382 1153 meum
399 1095 428 1150 :¹
446 1097 477 1149 et
489 1092 519 1148 in
541 1093 609 1164 ipsu
622 1090 756 1149 laudubo
772 1107 850 1148 eam.
1275 1081 1374 1140 Tuum
1383 1099 1496 1142 nomen
1510 1083 1688 1142 mortalibus
1705 1101 1713 1153 3

320 1182 563 1256 Appropinquete
583 1179 623 1238 ed
645 1196 693 1237 mc
715 1179 862 1245 indocti·
884 1185 912 1237 et
932 1184 1112 1252 congregate
1273 1170 1404 1247 [cuxxrn]
1418 1173 1461 1231 sti
1474 1173 1589 1230 d0V⁰ii¹
1604 1171 1754 1230 mentibus

285 1289 341 1330 vos
355 1273 386 1329 iu
400 1271 527 1327 domum
541 1269 707 1343 discipline
724 1287 730 1325 :
1274 1263 1312 1318 Te
1323 1260 1472 1319 feteemur
1485 1261 1638 1319 omnibus.

324 1359 399 1428 Quid
414 1354 515 1416 udhuc
529 1359 706 1416 retardetis?
718 1362 747 1416 et
762 1358 835 1432 quid
850 1355 969 1414 dicitis?
982 1360 990 1376 '
1005 1359 1114 1414 animle
1313 1350 1372 1408 Deo
1381 1350 1462 1408 Petri
1477 1350 1515 1407 sit
1526 1349 1631 1421 glorie,

287 1443 512 1508 restru‘sitiunt
527 1447 725 1506 vehementer.
1277 1439 1409 1513 Eiusque
1423 1439 1479 1497 soli
1489 1439 1570 1506 Filio,

323 1537 434 1611 Aperui
450 1553 484 1593 os
498 1552 611 1604 meum,
628 1538 658 1594 et
674 1535 792 1594 locutus
807 1549 896 1595 sum:
914 1539 924 1560 ·
942 1537 1117 1608 comparate
1278 1537 1353 1594 Cum
1368 1536 1644 1610 SpirituPereclito,

288 1626 602 1699 vobissineergento,
1133 1617 1157 1675 Β
1280 1630 1313 1686 lu
1327 1628 1508 1702 sempiterne
1517 1627 1640 1685 saeculs.

324 1714 610 1773 Etcollumrestrum
619 1713 757 1787 subjicite
763 1714 848 1787 iugo,
860 1718 889 1771 et
898 1712 1044 1787 suscipiet
1054 1713 1119 1769 eni·
1314 1719 1421 1774 Amen.

286 1820 338 1862 ms
347 1799 445 1862 vestre
459 1803 653 1877 disciplinam
668 1819 675 1860 τ
691 1804 723 1861 in
738 1802 874 1876 proximo
888 1807 935 1861 est
945 1803 1025 1860 enim
1038 1802 1120 1860 inve·
1208 1805 1407 1876 supplicatio.
1420 1807 1546 1864 oremus
1558 1803 1797 1876 Redemptocem,
1814 1802 1839 1873 Ι.
1850 1816 1914 1858 ccxx.

285 1894 349 1952 nire
361 1908 443 1951 esm.
1210 1893 1481 1965 Capituluchriste
1491 1896 1580 1963 Deus,
1594 1892 1646 1967 qni
1655 1907 1707 1966 per
1720 1890 1881 1966 Apostolum
1893 1893 1954 1945 tuun

320 1980 1119 2057 Videteoculisvestris,quoniemmodioumleborevi‚
1173 1983 1233 2039 oris
1259 1982 1479 2041 confessionem
1505 1983 1544 2040 ed
1568 1982 1697 2039 sulutem
1717 1980 1849 2054 prodesse
1867 1977 1955 2040 disisti;

285 2071 336 2130 ‘et
348 2071 449 2130 inveni
469 2072 596 2130 multem
606 2071 752 2145 requiem.
1173 2069 1360 2130 Confessoris
1374 2072 1414 2128 tui
1426 2076 1514 2145 etque
1528 2069 1682 2129 Pontificis
1704 2071 1742 2128 Ν.
1769 2067 1892 2142 precibus
1906 2079 1955 2122 eon·

321 2160 470 2218 Assumite
484 2160 675 2233 disciplinam
686 2160 717 2217 in
737 2159 834 2218 multo
848 2174 977 2216 numero
992 2157 1118 2229 urgenti,
1174 2160 1238 2218 sule
1252 2165 1362 2218 nostres
1380 2161 1493 2218 seluti:
1513 2163 1543 2218 ut
1567 2175 1612 2228 es,
1638 2175 1709 2234 quse
1728 2158 1813 2217 corde
1830 2153 1954 2220 credimus,

286 2249 337 2306 'et
349 2248 508 2323 copiosum
519 2263 629 2306 eurum
643 2247 798 2322 possidete
808 2248 839 2305 in
852 2262 898 2305 ee.
1173 2263 1224 2306 ore
1234 2252 1334 2305 sutem
1353 2248 1478 2321 professi
1500 2246 1654 2315 fuerimus,
1671 2263 1692 2306 e
1714 2251 1742 2304 te
1755 2243 1876 2304 exaudiri
1887 2257 1955 2314 ocyus

324 2340 449 2395 teletus
462 2337 566 2394 anime
588 2341 688 2394 vestre
702 2336 734 2395 in
755 2335 1076 2408 misericordiosius·
1091 2341 1120 2392 et
1172 2351 1352 2404 mereamur,
1367 2353 1429 2412 qno
1441 2337 1576 2409 iubente
1592 2336 1732 2394 dicemus
1752 2353 1759 2392 :

288 2440 351 2484 non
365 2423 591 2483 confundemini
605 2426 635 2481 in
647 2424 738 2482 leude
750 2423 853 2497 ipsius.
1208 2426 1295 2483 Peter
1306 2430 1417 2483 noster.
1434 2431 1454 2482 Α
1471 2425 1553 2482 melo
1566 2441 1623 2483 nos
1635 2424 1742 2484 libere.
1753 2424 1806 2496 sol.
1821 2423 1861 2480 lo.

324 2514 498 2588 Dperemini
509 2530 586 2588 opus
598 2518 731 2571 vestrum
742 2517 812 2571 ente
824 2517 953 2585 tempus,
969 2513 980 2536 ‘
995 2515 1024 2570 et
1037 2511 1120 2572 debit
1208 2517 1290 2574 Dicet
1305 2515 1469 2587 Preslpters
1487 2514 1643 2574 llnmiliete
1663 2529 1720 2572 vos
1731 2508 1917 2572 benedictioni.

287 2601 377 2662 vobis
393 2603 562 2661 mercedem
572 2607 704 2661 vestrum
718 2603 895 2675 intempore
910 2617 975 2659 suo.
1209 2604 1353 2662 Dominus
1368 2604 1415 2661 sit.
1431 2616 1463 2676 se.
1481 2607 1514 2660 Et
1528 2619 1607 2661 oum.

323 2693 508 2763 Antiphone.
523 2691 756 2751 confitebortibi
768 2692 893 2750 Domine
907 2707 914 2747 ε
928 2691 1001 2765 quie
1011 2690 1119 2749 liberu-
1208 2693 1322 2750 Laude.
1339 2691 1557 2752 Germinabunt
1568 2695 1711 2750 essetne.

287 2783 337 2854 sti,
353 2789 387 2840 ut
397 2797 503 2853 supro.
1208 2775 1957 2848 BenedictioPerinterventumbeatissimiloliucur.

322 2872 371 2928 Ad
384 2872 573 2930 Benedictus.
595 2873 782 2941 Antiphone.
806 2869 978 2927 Benedictio
1002 2868 1118 2926 Domini
1208 2871 1375 2929 innomine
1391 2870 1521 2928 Domini.
1537 2872 1600 2928 Fiet
1611 2870 1850 2930 commoneretis.

287 2961 319 3016 in
330 2959 500 3016 mercedem
511 2960 584 3029 iusti
599 2959 729 3016 festinet.
1135 2971 1155 3028 c
1208 2961 1323 3018 Lauda.
1341 2961 1385 3018 Ad
1400 2958 1644 3018 ennuntiendum
1654 2975 1745 3017 mnne
1763 2950 1957 3015 misericordim

324 3046 485 3105 cauticum.
508 3046 688 3105 Benedictus
704 3063 737 3104 es
750 3047 887 3105 Domine.
902 3048 956 3120 fol.
969 3051 996 3105 tl·
1172 3051 1382 3109 tuemtlrotio.
1393 3052 1476 3108 nene
1487 3049 1610 3107 Domine
1617 3049 1715 3107 cretio
1722 3051 1828 3107 nostre.
1836 3043 1957 3117 (elusus.

322 3137 431 3194 Sonus.
444 3137 478 3192 ln
492 3141 658 3209 conspeetu
667 3136 849 3206 Angelorum
861 3137 1056 3211 psollemtibi
1065 3138 1119 3195 Do·
1435 3141 1559 3197 lllClPlT
1579 3140 1743 3197 Dfl'lclllll

288 3225 370 3281 mine
387 3223 512 3282 Alleluia
527 3242 534 3281 :
550 3224 581 3287 l.
598 3224 739 3283 Adorebo
757 3224 797 3282 ed
818 3225 961 3299 templum
979 3231 1117 3283 sunctum
1235 3244 1314 3287 ustus
1332 3244 1516 3286 corrsssonrs
1535 3242 1669 3285 rnnoreur
1689 3241 1744 3284 sou
1761 3236 1907 3283 eorrrrrrus.

289 3319 386 3381 tuum,
400 3319 429 3371 ct
438 3312 604 3371 confitebor
615 3314 679 3384 tibi,
692 3314 828 3373 Domine.
839 3314 974 3372 Alleluie.
1476 3316 1526 3374 Λα
1545 3318 1697 3387 vesperos.

325 3404 471 3462 Dominus
484 3403 530 3460 Sil·
545 3414 578 3471 n·
593 3406 626 3459 Ei
639 3420 719 3461 oum·
1208 3408 1324 3467 Laudo
1343 3406 1574 3473 Confessionem,
1591 3410 1620 3464 et
1638 3406 1788 3465 decorem.
1811 3402 1878 3475 (elio
1888 3410 1956 3455 eun·

325 3493 437 3551 laude.
451 3492 587 3559 Alleluia,
605 3493 759 3550 Confessio
773 3493 839 3565 ejus
853 3509 944 3567 super
968 3494 1078 3552 ooelum
1091 3498 1120 3551 et
1210 3497 1354 3556 Dominus
1373 3497 1421 3554 sit.
1436 3507 1469 3569 n.
1482 3498 1516 3553 Et
1529 3511 1609 3553 cum.

248 3578 254 3589 ’
289 3584 398 3639 terrem
413 3580 557 3638 lllteluie:
575 3581 721 3639 Excitavit
736 3597 831 3639 cornu
852 3580 958 3656 populi
973 3582 1030 3639 sui.
1045 3583 1118 3640 Alle-
1207 3585 1315 3643 Sonus.
1331 3586 1364 3643 ln
1375 3590 1536 3659 conspeetu
1547 3584 1730 3657 Angelorum
1742 3574 1957 3658 psallentium

287 3668 360 3728 luie.
380 3672 515 3744 Dymnus
529 3675 573 3727 est
589 3670 731 3729 omnibus
748 3672 860 3729 senctis
886 3671 963 3743 eJus.
982 3672 1116 3743 meluis,
1172 3670 1956 3747 mineAlleluia:edorauosdtemplumssnctumuuu.

287 3756 417 3816 sDeluie.
428 3759 688 3817 Psotmuscxcvur.
699 3762 868 3819 lses'tereser
877 3761 1062 3833 Antiphone.
1071 3761 1118 3817 Al·
1172 3766 1200 3820 et
1212 3762 1377 3821 confitebor
1391 3762 1454 3835 tibi,
1472 3764 1605 3820 Domine.
1619 3761 1754 3819 Alleluia.

284 3846 386 3905 leluie.
406 3846 559 3906 Confessio
578 3851 644 3919 ejus
659 3865 751 3922 super
770 3850 882 3907 emtum
907 3855 937 3907 et
951 3856 1072 3908 terrem.
1085 3850 1116 3913 i.
1208 3853 1353 3910 Dominus
1365 3851 1412 3909 sit.
1428 3862 1461 3925 le.
1478 3852 1606 3909 Etcum.

284 3934 393 4025 Glorie,
408 3941 437 3994 et
449 3936 556 3994 honor.
572 3938 604 3995 P.
615 3937 760 3997 ttxeltevit
772 3954 868 3996 cornu
881 3938 983 4013 populi
994 3940 1050 3996 sui.
1066 3938 1114 3997 Al·
1208 3940 1388 4012 Antiphone.
1411 3938 1581 3997 Confitebor
1602 3940 1655 3998 tibi
1687 3940 1819 4006 Domine,
1847 3929 1956 4009 qnonieu

284 4024 383 4084 leluie.
398 4027 437 4085 Ut
451 4040 553 4097 supro.
1171 4030 1321 4089 exaudisti
1336 4046 1383 4087 me
1399 4046 1405 4085 :
1425 4032 1457 4087 P.
1475 4032 1507 4087 Et
1519 4029 1615 4087 fectus
1625 4046 1657 4087 es
1673 4030 1747 4087 mihi
1766 4030 1795 4085 in
1807 4024 1921 4084 sulutem.
1936 4014 1957 4073 i·

374 4116 473 4172 Lffff‘t
486 4114 558 4197 libii
578 4116 666 4174 13⁸⁰ss
680 4115 834 4188 ΡΙὍΡΙΙΘΜ
849 4118 1024 4189 (capsus).
1170 4120 1248 4178 Deus
1263 4120 1413 4177 senticum
1428 4134 1541 4176 novum
1561 4118 1692 4177 centebo
1707 4118 1760 4176 tibi
1776 4134 1783 4175 :
1805 4116 1833 4173 in
1850 4102 1957 4186 psalterio

322 4215 354 4274 ll·
367 4206 427 4261 ⁰0⁰
442 4203 570 4274 ellim·
1171 4208 1361 4267 decachordo
1373 4207 1503 4281 psellem
1517 4207 1580 4265 tibi.
1591 4207 1624 4263 P.
1636 4210 1668 4265 Et
1680 4206 1776 4265 fecurs
1787 4220 1825 4263 es.
1837 4202 1864 4264 ll.
1877 4193 1958 4257 floris,

323 4302 390 4359 llsec
413 4300 484 4359 dicit
509 4301 650 4359 Dominus
673 4320 680 4355 ε
701 4304 773 4358 Ecce
786 4315 894 4358 servus
910 4316 1007 4369 meus,
1024 4301 1115 4359 susci·
1132 4337 1153 4393 ὓ
1171 4303 1202 4358 et
1213 4301 1321 4358 honor.
1336 4298 1367 4353 P.
1381 4300 1414 4355 lit
1429 4296 1536 4355 fectus.

288 4390 456 4464 plumeum
472 4390 602 4448 :electus
619 4405 715 4457 meus,
730 4389 917 4462 complacuit
933 4390 992 4447 sibi
1012 4391 1044 4449 in
1063 4390 1115 4449 illo
1207 4388 1352 4445 Dominus
1366 4387 1412 4444 sit.
1424 4397 1455 4459 lt.
1472 4386 1506 4444 lit
1518 4402 1600 4443 cum.

289 4478 392 4537 enime
405 4494 474 4537 mee
490 4494 498 4535 ε
514 4478 596 4535 dedit
610 4478 747 4552 spiritum
765 4493 878 4546 meum,
892 4479 1043 4552 judicium
1064 4497 1115 4538 su·
1207 4477 1323 4535 Laudo.
1338 4474 1506 4533 Confitebor
1514 4474 1639 4533 Domino
1646 4473 1815 4533 AlleluieP.
1822 4460 1956 4528 secundm

288 4583 343 4641 per
354 4566 492 4640 gentibus
503 4567 622 4639 profert.
634 4570 699 4623 Non
715 4566 866 4635 clamabis,
879 4584 977 4643 neque
987 4570 1117 4643 accipiet
1168 4566 1315 4641 justitiam
1339 4565 1414 4638 ejus.
1437 4564 1569 4622 Alleluia.
1589 4566 1622 4621 st
1648 4563 1788 4637 psellem.
1808 4554 1922 4616 Alleluia.
1936 4544 1956 4603 t.

290 4672 461 4730 personum,
474 4670 572 4729 neque
582 4655 719 4713 audietur
728 4655 800 4713 foris
806 4672 865 4714 vox
873 4659 898 4729 ej
904 4674 949 4715 us.
962 4657 1120 4717 Gelemum
1174 4654 1307 4713 imtebor
1320 4658 1349 4711 et
1363 4653 1518 4711 exsultabo
1528 4654 1558 4711 in
1569 4658 1596 4710 te
1606 4652 1731 4709 Domine
1742 4668 1749 4709 :
1761 4654 1788 4709 et
1798 4644 1912 4721 psallum
1921 4648 1957 4691 nu

289 4732 467 4819 quassatum
478 4759 539 4800 non
558 4749 700 4814 conteret,
715 4749 744 4802 et
761 4744 879 4816 lignum
891 4746 1046 4819 fumigans
1057 4762 1120 4805 non
1173 4744 1248 4802 mini
1257 4750 1308 4800 tuo
1323 4742 1521 4800 Allissime.P.
1534 4740 1706 4800 seeundum
1715 4738 1861 4812 justitium.
1873 4731 1898 4793 l.
1913 4723 1957 4783 Glo-

287 4834 448 4905 extinguet:
460 4833 737 4892 inveritateedueet
752 4834 980 4906 iudicinmllon
991 4836 1122 4894 crittris·
1174 4834 1228 4901 rie,
1249 4838 1278 4890 et
1291 4832 1388 4889 honor
1400 4832 1487 4889 Petri.
1503 4831 1533 4886 P.
1551 4833 1583 4887 es
1599 4829 1738 4904 psaltem.
1753 4824 1878 4886 Alleluia.

286 4922 334 4990 tis,
361 4938 416 4979 nec
436 4922 636 4990 turbulentus,
660 4922 758 4981 donec
780 4926 918 4995 ponetin
936 4928 1016 4982 terre
1042 4924 1123 4998 jndi·
1516 4921 1662 4991 Hemim-

284 5010 361 5067 cium
377 5017 421 5070 :et
435 5012 533 5086 legem
545 5016 610 5085 ejus
623 5012 731 5071 insulse
741 5013 951 5087 expectebunt.
964 5024 997 5086 n.
1009 5010 1121 5072 Amen'
1247 5014 1300 5069 lste
1317 5010 1472 5069 confessor
1485 5008 1602 5066 Domini
1617 5009 1773 5073 secretus·

630 5104 773 5173 Dymnus.
1209 5102 1296 5158 Festo
1307 5098 1392 5174 plebs
1407 5099 1493 5171 cujus
1509 5096 1637 5155 celebret
1651 5110 1702 5170 pec
1712 5094 1825 5160 orbem,

426 5191 504 5247 Deus
517 5190 669 5250 immense
678 5189 814 5256 Trinitas,
1209 5189 1300 5248 llodie
1313 5188 1399 5246 letus
1410 5188 1519 5245 meruit
1531 5188 1645 5243 secretu

391 5279 507 5336 Corone
516 5278 736 5346 confitentium,
1280 5276 1429 5335 Scandere
1443 5275 1521 5334 coeli.

392 5368 429 5427 st
442 5380 556 5438 meges
574 5366 642 5425 leus
651 5368 825 5439 Martyrum,
1243 5366 1298 5433 Qui
1310 5367 1387 5439 pius,
1402 5364 1544 5440 prudens,
1560 5362 1691 5429 humilis,
1707 5360 1840 5436 pudicus.

394 5458 484 5515 Sume
495 5470 600 5529 preces
613 5453 761 5512 fidelium.
1206 5454 1339 5523 Sobrius,
1350 5458 1451 5513 cestus
1465 5454 1530 5522 fuit,
1560 5457 1589 5510 et
1606 5451 1725 5526 quietus
1734 5469 1744 5523 3
