<?xml version="1.0" encoding="UTF-8"?>
<!DOCTYPE html PUBLIC "-//W3C//DTD XHTML 1.0 Transitional//EN"
    "http://www.w3.org/TR/xhtml1/DTD/xhtml1-transitional.dtd">
<html xmlns="http://www.w3.org/1999/xhtml" xml:lang="en" lang="en">
 <head>
  <title>
</title>
<meta http-equiv="Content-Type" content="text/html;charset=utf-8" />
  <meta name='ocr-system' content='tesseract 3.04.00' />
  <meta name='ocr-capabilities' content='ocr_page ocr_carea ocr_par ocr_line ocrx_word'/>
</head>
<body>
  <div class='ocr_page' id='page_1' title='image "./patrologiaecurs129unkngoog/patrologiaecurs129unkngoog_0424.png"; bbox 0 0 4117 6175; ppageno 0'>
   <div class='ocr_carea' id='block_1_1' title="bbox 313 250 1968 324">
    <p class='ocr_par' dir='ltr' id='par_1_1' title="bbox 313 250 1968 324">
     <span class='ocr_line' id='line_1_1' title="bbox 313 250 1968 324; baseline 0.003 -16"><span class='ocrx_word' id='word_1_1' title='bbox 313 258 367 314; x_wconf 79' lang='grc'><strong>839</strong></span> <span class='ocrx_word' id='word_1_2' title='bbox 942 250 1172 311; x_wconf 73' lang='grc' dir='ltr'><strong>ΒΒΕἮΑΒΙΗΜ</strong></span> <span class='ocrx_word' id='word_1_3' title='bbox 1191 251 1388 311; x_wconf 82' lang='lat' dir='ltr'><strong>GOTHlCUM.</strong></span> <span class='ocrx_word' id='word_1_4' title='bbox 1925 268 1968 324; x_wconf 73' lang='lat' dir='ltr'><strong>nlo</strong></span> 
     </span>
    </p>
   </div>
   <div class='ocr_carea' id='block_1_2' title="bbox 305 372 1981 2048">
    <p class='ocr_par' dir='ltr' id='par_1_2' title="bbox 314 372 1970 542">
     <span class='ocr_line' id='line_1_2' title="bbox 350 372 1970 451; baseline 0.006 -14"><span class='ocrx_word' id='word_1_5' title='bbox 350 379 406 447; x_wconf 85' lang='lat' dir='ltr'><strong>Qui</strong></span> <span class='ocrx_word' id='word_1_6' title='bbox 418 378 625 451; x_wconf 84' lang='lat' dir='ltr'><strong>cogitaberunt</strong></span> <span class='ocrx_word' id='word_1_7' title='bbox 635 376 806 437; x_wconf 87' lang='lat' dir='ltr'><strong>malitissin</strong></span> <span class='ocrx_word' id='word_1_8' title='bbox 818 372 907 435; x_wconf 88' lang='lat' dir='ltr'><strong>corde</strong></span> <span class='ocrx_word' id='word_1_9' title='bbox 923 392 978 433; x_wconf 89' lang='lat' dir='ltr'><strong>suo</strong></span> <span class='ocrx_word' id='word_1_10' title='bbox 991 385 1007 419; x_wconf 67' lang='lat'>¹</span> <span class='ocrx_word' id='word_1_11' title='bbox 1019 380 1081 434; x_wconf 90' lang='lat' dir='ltr'><strong>tota</strong></span> <span class='ocrx_word' id='word_1_12' title='bbox 1090 374 1177 433; x_wconf 71' lang='lat' dir='ltr'><strong>dieb</strong></span> <span class='ocrx_word' id='word_1_13' title='bbox 1227 378 1302 434; x_wconf 81' lang='lat' dir='ltr'><strong>Voce</strong></span> <span class='ocrx_word' id='word_1_14' title='bbox 1321 392 1389 436; x_wconf 89' lang='lat' dir='ltr'><strong>mea</strong></span> <span class='ocrx_word' id='word_1_15' title='bbox 1411 377 1451 435; x_wconf 88' lang='lat' dir='ltr'><strong>ad</strong></span> <span class='ocrx_word' id='word_1_16' title='bbox 1478 377 1638 435; x_wconf 87' lang='lat' dir='ltr'><strong>Dominum</strong></span> <span class='ocrx_word' id='word_1_17' title='bbox 1659 378 1808 438; x_wconf 85' lang='lat' dir='ltr'><strong>clamabi·</strong></span> <span class='ocrx_word' id='word_1_18' title='bbox 1837 398 1899 443; x_wconf 86' lang='lat' dir='ltr'><strong>roes</strong></span> <span class='ocrx_word' id='word_1_19' title='bbox 1919 402 1970 448; x_wconf 87' lang='lat' dir='ltr'><strong>msa</strong></span> 
     </span>
     <span class='ocr_line' id='line_1_3' title="bbox 314 464 1562 542; baseline -0.002 -17"><span class='ocrx_word' id='word_1_20' title='bbox 314 468 539 527; x_wconf 87' lang='lat' dir='ltr'><strong>constituebant</strong></span> <span class='ocrx_word' id='word_1_21' title='bbox 553 466 668 542; x_wconf 76' lang='lat' dir='ltr'><strong>praelia.</strong></span> <span class='ocrx_word' id='word_1_22' title='bbox 1189 464 1283 522; x_wconf 88' lang='lat' dir='ltr'><strong>Deum</strong></span> <span class='ocrx_word' id='word_1_23' title='bbox 1293 466 1469 539; x_wconf 71' lang='lat' dir='ltr'><strong>deprecatus</strong></span> <span class='ocrx_word' id='word_1_24' title='bbox 1483 481 1562 523; x_wconf 91' lang='lat' dir='ltr'><strong>sum.</strong></span> 
     </span>
    </p>

    <p class='ocr_par' dir='ltr' id='par_1_3' title="bbox 316 552 1967 720">
     <span class='ocr_line' id='line_1_4' title="bbox 349 552 1967 631; baseline 0.004 -16"><span class='ocrx_word' id='word_1_25' title='bbox 349 559 501 615; x_wconf 73' lang='lat' dir='ltr'><strong>acuerunt</strong></span> <span class='ocrx_word' id='word_1_26' title='bbox 521 557 640 631; x_wconf 83' lang='lat' dir='ltr'><strong>linguas</strong></span> <span class='ocrx_word' id='word_1_27' title='bbox 656 572 737 622; x_wconf 88' lang='lat' dir='ltr'><strong>suas,</strong></span> <span class='ocrx_word' id='word_1_28' title='bbox 753 557 831 614; x_wconf 89' lang='lat' dir='ltr'><strong>sicut</strong></span> <span class='ocrx_word' id='word_1_29' title='bbox 849 558 1000 629; x_wconf 70' lang='lat' dir='ltr'><strong>serpentes</strong></span> <span class='ocrx_word' id='word_1_30' title='bbox 1020 560 1027 578; x_wconf 92' lang='grc'><em>·</em></span> <span class='ocrx_word' id='word_1_31' title='bbox 1051 564 1138 611; x_wconf 85' lang='lat' dir='ltr'><strong>vene·</strong></span> <span class='ocrx_word' id='word_1_32' title='bbox 1225 552 1384 611; x_wconf 88' lang='lat' dir='ltr'><strong>Etlnndam</strong></span> <span class='ocrx_word' id='word_1_33' title='bbox 1396 554 1427 611; x_wconf 95' lang='lat' dir='ltr'><strong>in</strong></span> <span class='ocrx_word' id='word_1_34' title='bbox 1448 560 1609 628; x_wconf 89' lang='lat' dir='ltr'><strong>conspectu</strong></span> <span class='ocrx_word' id='word_1_35' title='bbox 1630 556 1679 613; x_wconf 86' lang='lat' dir='ltr'><strong>lloi</strong></span> <span class='ocrx_word' id='word_1_36' title='bbox 1701 555 1856 615; x_wconf 85' lang='lat' dir='ltr'><strong>orationem</strong></span> <span class='ocrx_word' id='word_1_37' title='bbox 1870 571 1967 621; x_wconf 76' lang='lat' dir='ltr'><strong>meam·</strong></span> 
     </span>
     <span class='ocr_line' id='line_1_5' title="bbox 316 642 1927 720; baseline 0.001 -15"><span class='ocrx_word' id='word_1_38' title='bbox 316 662 390 705; x_wconf 91' lang='lat' dir='ltr'><strong>num</strong></span> <span class='ocrx_word' id='word_1_39' title='bbox 405 647 547 720; x_wconf 90' lang='lat' dir='ltr'><strong>aspidum</strong></span> <span class='ocrx_word' id='word_1_40' title='bbox 561 647 618 705; x_wconf 91' lang='lat' dir='ltr'><strong>sub</strong></span> <span class='ocrx_word' id='word_1_41' title='bbox 628 646 715 705; x_wconf 86' lang='lat' dir='ltr'><strong>labiis</strong></span> <span class='ocrx_word' id='word_1_42' title='bbox 727 662 844 705; x_wconf 87' lang='lat' dir='ltr'><strong>eornm.</strong></span> <span class='ocrx_word' id='word_1_43' title='bbox 1189 642 1411 701; x_wconf 87' lang='lat' dir='ltr'><strong>tribulationum</strong></span> <span class='ocrx_word' id='word_1_44' title='bbox 1427 660 1526 701; x_wconf 89' lang='lat' dir='ltr'><strong>meam</strong></span> <span class='ocrx_word' id='word_1_45' title='bbox 1543 650 1612 703; x_wconf 90' lang='lat' dir='ltr'><strong>ante</strong></span> <span class='ocrx_word' id='word_1_46' title='bbox 1625 646 1725 718; x_wconf 91' lang='lat' dir='ltr'><strong>ipsum</strong></span> <span class='ocrx_word' id='word_1_47' title='bbox 1739 650 1927 719; x_wconf 77' lang='lat' dir='ltr'><strong>pronunciabo.</strong></span> 
     </span>
    </p>

    <p class='ocr_par' dir='ltr' id='par_1_4' title="bbox 313 731 1967 899">
     <span class='ocr_line' id='line_1_6' title="bbox 350 731 1967 812; baseline 0.002 -19"><span class='ocrx_word' id='word_1_48' title='bbox 350 737 499 793; x_wconf 81' lang='lat' dir='ltr'><strong>conserva</strong></span> <span class='ocrx_word' id='word_1_49' title='bbox 514 752 572 803; x_wconf 89' lang='lat' dir='ltr'><strong>me,</strong></span> <span class='ocrx_word' id='word_1_50' title='bbox 588 736 770 805; x_wconf 84' lang='lat' dir='ltr'><strong>Domine,de</strong></span> <span class='ocrx_word' id='word_1_51' title='bbox 787 751 882 794; x_wconf 91' lang='lat' dir='ltr'><strong>manu</strong></span> <span class='ocrx_word' id='word_1_52' title='bbox 895 733 1059 808; x_wconf 88' lang='lat' dir='ltr'><strong>peccatoris</strong></span> <span class='ocrx_word' id='word_1_53' title='bbox 1073 736 1081 753; x_wconf 89' lang='lat'>&#39;</span> <span class='ocrx_word' id='word_1_54' title='bbox 1096 732 1135 791; x_wconf 87' lang='lat' dir='ltr'><strong>ab</strong></span> <span class='ocrx_word' id='word_1_55' title='bbox 1225 735 1255 789; x_wconf 93' lang='lat' dir='ltr'><strong>ln</strong></span> <span class='ocrx_word' id='word_1_56' title='bbox 1274 731 1440 790; x_wconf 88' lang='lat' dir='ltr'><strong>deliciando</strong></span> <span class='ocrx_word' id='word_1_57' title='bbox 1454 732 1485 789; x_wconf 92' lang='lat' dir='ltr'><strong>in</strong></span> <span class='ocrx_word' id='word_1_58' title='bbox 1503 750 1551 791; x_wconf 89' lang='lat' dir='ltr'><strong>me</strong></span> <span class='ocrx_word' id='word_1_59' title='bbox 1565 734 1700 807; x_wconf 89' lang='lat' dir='ltr'><strong>spiritum</strong></span> <span class='ocrx_word' id='word_1_60' title='bbox 1715 750 1811 793; x_wconf 88' lang='lat' dir='ltr'><strong>meum</strong></span> <span class='ocrx_word' id='word_1_61' title='bbox 1824 742 1830 758; x_wconf 88' lang='grc'><em>·</em></span> <span class='ocrx_word' id='word_1_62' title='bbox 1844 742 1870 795; x_wconf 89' lang='lat' dir='ltr'><strong>et</strong></span> <span class='ocrx_word' id='word_1_63' title='bbox 1882 744 1907 795; x_wconf 91' lang='lat' dir='ltr'><strong>tu</strong></span> <span class='ocrx_word' id='word_1_64' title='bbox 1917 756 1967 812; x_wconf 84' lang='lat' dir='ltr'><strong>cog·</strong></span> 
     </span>
     <span class='ocr_line' id='line_1_7' title="bbox 313 819 1539 899; baseline -0.001 -19"><span class='ocrx_word' id='word_1_65' title='bbox 313 823 488 881; x_wconf 90' lang='lat' dir='ltr'><strong>homiuibus</strong></span> <span class='ocrx_word' id='word_1_66' title='bbox 504 824 616 899; x_wconf 91' lang='lat' dir='ltr'><strong>iniquis</strong></span> <span class='ocrx_word' id='word_1_67' title='bbox 632 825 726 883; x_wconf 89' lang='lat' dir='ltr'><strong>libera</strong></span> <span class='ocrx_word' id='word_1_68' title='bbox 738 841 797 882; x_wconf 91' lang='lat' dir='ltr'><strong>me.</strong></span> <span class='ocrx_word' id='word_1_69' title='bbox 1188 819 1297 878; x_wconf 89' lang='lat' dir='ltr'><strong>nobisti</strong></span> <span class='ocrx_word' id='word_1_70' title='bbox 1309 820 1430 878; x_wconf 77' lang='lat' dir='ltr'>semitas</span> <span class='ocrx_word' id='word_1_71' title='bbox 1445 838 1539 879; x_wconf 88' lang='lat' dir='ltr'><strong>meas.</strong></span> 
     </span>
    </p>

    <p class='ocr_par' dir='ltr' id='par_1_5' title="bbox 311 909 1966 1077">
     <span class='ocr_line' id='line_1_8' title="bbox 347 909 1966 988; baseline 0.002 -17"><span class='ocrx_word' id='word_1_72' title='bbox 347 913 404 980; x_wconf 84' lang='lat' dir='ltr'><strong>Qui</strong></span> <span class='ocrx_word' id='word_1_73' title='bbox 426 914 634 985; x_wconf 76' lang='lat' dir='ltr'><strong>cogitaberunt</strong></span> <span class='ocrx_word' id='word_1_74' title='bbox 659 914 853 988; x_wconf 77' lang='lat' dir='ltr'><strong>supplantare</strong></span> <span class='ocrx_word' id='word_1_75' title='bbox 876 928 997 985; x_wconf 89' lang='lat' dir='ltr'><strong>gressus</strong></span> <span class='ocrx_word' id='word_1_76' title='bbox 1022 914 1134 968; x_wconf 71' lang='lat' dir='ltr'><strong>meos*</strong></span> <span class='ocrx_word' id='word_1_77' title='bbox 1222 910 1254 967; x_wconf 95' lang='lat' dir='ltr'><strong>ln</strong></span> <span class='ocrx_word' id='word_1_78' title='bbox 1269 910 1316 967; x_wconf 81' lang='lat' dir='ltr'><strong>via</strong></span> <span class='ocrx_word' id='word_1_79' title='bbox 1329 909 1487 984; x_wconf 84' lang='lat' dir='ltr'><strong>hecquem</strong></span> <span class='ocrx_word' id='word_1_80' title='bbox 1503 910 1966 975; x_wconf 78' lang='lat' dir='ltr'><strong>ambulabam&#39;absconderentu-</strong></span> 
     </span>
     <span class='ocr_line' id='line_1_9' title="bbox 311 998 1502 1077; baseline -0.004 -17"><span class='ocrx_word' id='word_1_81' title='bbox 311 1000 536 1060; x_wconf 89' lang='lat' dir='ltr'><strong>absconderunt</strong></span> <span class='ocrx_word' id='word_1_82' title='bbox 549 1003 671 1076; x_wconf 86' lang='lat' dir='ltr'><strong>superbi</strong></span> <span class='ocrx_word' id='word_1_83' title='bbox 681 1002 808 1077; x_wconf 90' lang='lat' dir='ltr'><strong>laqueos</strong></span> <span class='ocrx_word' id='word_1_84' title='bbox 822 1000 904 1059; x_wconf 88' lang='lat' dir='ltr'><strong>mibi.</strong></span> <span class='ocrx_word' id='word_1_85' title='bbox 1187 998 1267 1070; x_wconf 90' lang='lat' dir='ltr'><strong>perbi</strong></span> <span class='ocrx_word' id='word_1_86' title='bbox 1281 999 1406 1073; x_wconf 88' lang='lat' dir='ltr'><strong>laqueos</strong></span> <span class='ocrx_word' id='word_1_87' title='bbox 1421 999 1502 1057; x_wconf 89' lang='lat' dir='ltr'><strong>mihi.</strong></span> 
     </span>
    </p>

    <p class='ocr_par' dir='ltr' id='par_1_6' title="bbox 309 1088 1966 1255">
     <span class='ocr_line' id='line_1_10' title="bbox 346 1088 1966 1165; baseline 0.004 -18"><span class='ocrx_word' id='word_1_88' title='bbox 346 1094 380 1149; x_wconf 91' lang='lat' dir='ltr'><strong>Et</strong></span> <span class='ocrx_word' id='word_1_89' title='bbox 391 1092 477 1149; x_wconf 86' lang='lat' dir='ltr'><strong>tunes</strong></span> <span class='ocrx_word' id='word_1_90' title='bbox 492 1093 690 1150; x_wconf 86' lang='lat' dir='ltr'><strong>extenderunt</strong></span> <span class='ocrx_word' id='word_1_91' title='bbox 699 1093 878 1151; x_wconf 87' lang='lat' dir='ltr'><strong>continuatis</strong></span> <span class='ocrx_word' id='word_1_92' title='bbox 892 1092 1021 1165; x_wconf 88' lang='lat' dir='ltr'><strong>pedibus</strong></span> <span class='ocrx_word' id='word_1_93' title='bbox 1033 1090 1109 1148; x_wconf 91' lang='lat' dir='ltr'><strong>meis</strong></span> <span class='ocrx_word' id='word_1_94' title='bbox 1122 1090 1132 1111; x_wconf 85' lang='lat'>&#39;</span> <span class='ocrx_word' id='word_1_95' title='bbox 1221 1088 1454 1147; x_wconf 75' lang='lat' dir='ltr'><strong>considerabam</strong></span> <span class='ocrx_word' id='word_1_96' title='bbox 1466 1090 1612 1158; x_wconf 78' lang='lat' dir='ltr'><strong>adextris¹</strong></span> <span class='ocrx_word' id='word_1_97' title='bbox 1623 1096 1652 1148; x_wconf 93' lang='lat' dir='ltr'><strong>et</strong></span> <span class='ocrx_word' id='word_1_98' title='bbox 1660 1089 1797 1151; x_wconf 85' lang='lat' dir='ltr'><strong>ridebam</strong></span> <span class='ocrx_word' id='word_1_99' title='bbox 1807 1095 1816 1116; x_wconf 77' lang='lat'><em>⁶</em></span> <span class='ocrx_word' id='word_1_100' title='bbox 1825 1096 1851 1150; x_wconf 91' lang='lat' dir='ltr'><strong>et</strong></span> <span class='ocrx_word' id='word_1_101' title='bbox 1861 1109 1911 1151; x_wconf 91' lang='lat' dir='ltr'><strong>non</strong></span> <span class='ocrx_word' id='word_1_102' title='bbox 1921 1100 1966 1153; x_wconf 83' lang='lat' dir='ltr'><strong>eret</strong></span> 
     </span>
     <span class='ocr_line' id='line_1_11' title="bbox 309 1176 1515 1255; baseline -0.001 -20"><span class='ocrx_word' id='word_1_103' title='bbox 309 1179 393 1237; x_wconf 88' lang='lat' dir='ltr'><strong>iuxta</strong></span> <span class='ocrx_word' id='word_1_104' title='bbox 407 1180 483 1237; x_wconf 89' lang='lat' dir='ltr'><strong>inter</strong></span> <span class='ocrx_word' id='word_1_105' title='bbox 497 1181 643 1239; x_wconf 87' lang='lat' dir='ltr'><strong>scandala</strong></span> <span class='ocrx_word' id='word_1_106' title='bbox 656 1184 821 1255; x_wconf 89' lang='lat' dir='ltr'><strong>posuerunt</strong></span> <span class='ocrx_word' id='word_1_107' title='bbox 834 1181 918 1238; x_wconf 92' lang='lat' dir='ltr'><strong>mihi.</strong></span> <span class='ocrx_word' id='word_1_108' title='bbox 1185 1176 1238 1249; x_wconf 92' lang='lat' dir='ltr'><strong>qui</strong></span> <span class='ocrx_word' id='word_1_109' title='bbox 1254 1183 1447 1249; x_wconf 87' lang='lat' dir='ltr'><strong>cognosceret</strong></span> <span class='ocrx_word' id='word_1_110' title='bbox 1458 1195 1515 1236; x_wconf 90' lang='lat' dir='ltr'><strong>me.</strong></span> 
     </span>
    </p>

    <p class='ocr_par' dir='ltr' id='par_1_7' title="bbox 310 1264 1981 1429">
     <span class='ocr_line' id='line_1_12' title="bbox 344 1264 1981 1343; baseline 0.002 -20"><span class='ocrx_word' id='word_1_111' title='bbox 344 1268 409 1325; x_wconf 87' lang='lat' dir='ltr'><strong>Dixi</strong></span> <span class='ocrx_word' id='word_1_112' title='bbox 421 1268 548 1327; x_wconf 87' lang='lat' dir='ltr'><strong>Domino</strong></span> <span class='ocrx_word' id='word_1_113' title='bbox 560 1286 567 1326; x_wconf 74' lang='grc' dir='ltr'>ε</span> <span class='ocrx_word' id='word_1_114' title='bbox 580 1270 657 1327; x_wconf 86' lang='lat' dir='ltr'><strong>Deus</strong></span> <span class='ocrx_word' id='word_1_115' title='bbox 680 1286 765 1328; x_wconf 89' lang='lat' dir='ltr'><strong>maus</strong></span> <span class='ocrx_word' id='word_1_116' title='bbox 779 1286 811 1327; x_wconf 89' lang='lat' dir='ltr'><strong>es</strong></span> <span class='ocrx_word' id='word_1_117' title='bbox 825 1273 857 1327; x_wconf 87' lang='lat' dir='ltr'><strong>tu</strong></span> <span class='ocrx_word' id='word_1_118' title='bbox 871 1270 887 1302; x_wconf 62' lang='lat'>³</span> <span class='ocrx_word' id='word_1_119' title='bbox 897 1268 1007 1328; x_wconf 89' lang='lat' dir='ltr'><strong>exaudi</strong></span> <span class='ocrx_word' id='word_1_120' title='bbox 1026 1284 1132 1328; x_wconf 90' lang='lat' dir='ltr'><strong>vocem</strong></span> <span class='ocrx_word' id='word_1_121' title='bbox 1220 1264 1307 1323; x_wconf 81' lang='lat' dir='ltr'><strong>Periit</strong></span> <span class='ocrx_word' id='word_1_122' title='bbox 1317 1266 1388 1338; x_wconf 76' lang='lat' dir='ltr'><strong>tuga</strong></span> <span class='ocrx_word' id='word_1_123' title='bbox 1401 1282 1468 1325; x_wconf 73' lang='lat' dir='ltr'><strong>mea</strong></span> <span class='ocrx_word' id='word_1_124' title='bbox 1478 1269 1522 1324; x_wconf 78' lang='lat' dir='ltr'><strong>&#39;et</strong></span> <span class='ocrx_word' id='word_1_125' title='bbox 1531 1273 1656 1333; x_wconf 76' lang='lat' dir='ltr'><strong>nonest,</strong></span> <span class='ocrx_word' id='word_1_126' title='bbox 1665 1269 1717 1341; x_wconf 87' lang='lat' dir='ltr'><strong>qui</strong></span> <span class='ocrx_word' id='word_1_127' title='bbox 1728 1269 1850 1343; x_wconf 86' lang='lat' dir='ltr'><strong>requirat</strong></span> <span class='ocrx_word' id='word_1_128' title='bbox 1861 1270 1965 1328; x_wconf 86' lang='lat' dir='ltr'><strong>animan</strong></span> <span class='ocrx_word' id='word_1_129' title='bbox 1979 1318 1981 1321; x_wconf 96' lang='lat'><strong>.</strong></span> 
     </span>
     <span class='ocr_line' id='line_1_13' title="bbox 310 1355 1296 1429; baseline -0.004 -16"><span class='ocrx_word' id='word_1_130' title='bbox 310 1355 528 1429; x_wconf 89' lang='lat' dir='ltr'><strong>deprecationis</strong></span> <span class='ocrx_word' id='word_1_131' title='bbox 540 1374 625 1415; x_wconf 80' lang='lat' dir='ltr'><strong>msoe.</strong></span> <span class='ocrx_word' id='word_1_132' title='bbox 1184 1368 1296 1412; x_wconf 88' lang='lat' dir='ltr'><strong>meam.</strong></span> 
     </span>
    </p>

    <p class='ocr_par' dir='ltr' id='par_1_8' title="bbox 307 1440 1964 1604">
     <span class='ocr_line' id='line_1_14' title="bbox 343 1440 1964 1519; baseline 0.007 -20"><span class='ocrx_word' id='word_1_133' title='bbox 343 1445 468 1502; x_wconf 84' lang='lat' dir='ltr'><strong>Domina</strong></span> <span class='ocrx_word' id='word_1_134' title='bbox 491 1446 569 1502; x_wconf 85' lang='lat' dir='ltr'><strong>Deus</strong></span> <span class='ocrx_word' id='word_1_135' title='bbox 582 1450 676 1503; x_wconf 78' lang='lat' dir='ltr'><strong>virtus</strong></span> <span class='ocrx_word' id='word_1_136' title='bbox 691 1445 793 1503; x_wconf 90' lang='lat' dir='ltr'><strong>salutis</strong></span> <span class='ocrx_word' id='word_1_137' title='bbox 809 1461 884 1504; x_wconf 71' lang='lat' dir='ltr'><strong>mee</strong></span> <span class='ocrx_word' id='word_1_138' title='bbox 899 1447 909 1468; x_wconf 82' lang='grc'><em>·</em></span> <span class='ocrx_word' id='word_1_139' title='bbox 923 1445 1069 1503; x_wconf 86' lang='lat' dir='ltr'><strong>obumbra</strong></span> <span class='ocrx_word' id='word_1_140' title='bbox 1084 1462 1130 1505; x_wconf 90' lang='lat' dir='ltr'><strong>ca·</strong></span> <span class='ocrx_word' id='word_1_141' title='bbox 1220 1442 1352 1499; x_wconf 88' lang='lat' dir='ltr'><strong>Clamabi</strong></span> <span class='ocrx_word' id='word_1_142' title='bbox 1366 1440 1404 1500; x_wconf 91' lang='lat' dir='ltr'><strong>ad</strong></span> <span class='ocrx_word' id='word_1_143' title='bbox 1419 1448 1455 1508; x_wconf 85' lang='lat' dir='ltr'><strong>te,</strong></span> <span class='ocrx_word' id='word_1_144' title='bbox 1478 1444 1607 1509; x_wconf 84' lang='lat' dir='ltr'><strong>nomine,</strong></span> <span class='ocrx_word' id='word_1_145' title='bbox 1623 1443 1683 1502; x_wconf 74' lang='lat' dir='ltr'><strong>dixi</strong></span> <span class='ocrx_word' id='word_1_146' title='bbox 1699 1462 1705 1499; x_wconf 79' lang='lat'>2</span> <span class='ocrx_word' id='word_1_147' title='bbox 1720 1448 1761 1502; x_wconf 80' lang='lat' dir='ltr'><strong>Tu</strong></span> <span class='ocrx_word' id='word_1_148' title='bbox 1775 1460 1805 1502; x_wconf 71' lang='lat'><strong>0⁵</strong></span> <span class='ocrx_word' id='word_1_149' title='bbox 1817 1462 1877 1519; x_wconf 70' lang='lat' dir='ltr'><strong>spot</strong></span> <span class='ocrx_word' id='word_1_150' title='bbox 1889 1450 1964 1503; x_wconf 73' lang='lat' dir='ltr'><strong>met*</strong></span> 
     </span>
     <span class='ocr_line' id='line_1_15' title="bbox 307 1530 1697 1604; baseline -0.001 -15"><span class='ocrx_word' id='word_1_151' title='bbox 307 1536 361 1604; x_wconf 91' lang='lat' dir='ltr'><strong>put</strong></span> <span class='ocrx_word' id='word_1_152' title='bbox 374 1548 476 1592; x_wconf 90' lang='lat' dir='ltr'><strong>meurn</strong></span> <span class='ocrx_word' id='word_1_153' title='bbox 490 1534 522 1591; x_wconf 90' lang='lat' dir='ltr'><strong>in</strong></span> <span class='ocrx_word' id='word_1_154' title='bbox 536 1533 585 1591; x_wconf 87' lang='lat' dir='ltr'><strong>die</strong></span> <span class='ocrx_word' id='word_1_155' title='bbox 598 1533 677 1591; x_wconf 92' lang='lat' dir='ltr'><strong>belli.</strong></span> <span class='ocrx_word' id='word_1_156' title='bbox 1183 1530 1280 1602; x_wconf 92' lang='lat' dir='ltr'><strong>portio</strong></span> <span class='ocrx_word' id='word_1_157' title='bbox 1293 1546 1361 1589; x_wconf 88' lang='lat' dir='ltr'><strong>mea</strong></span> <span class='ocrx_word' id='word_1_158' title='bbox 1378 1532 1408 1588; x_wconf 92' lang='lat' dir='ltr'><strong>in</strong></span> <span class='ocrx_word' id='word_1_159' title='bbox 1428 1536 1506 1591; x_wconf 89' lang='lat' dir='ltr'><strong>terra</strong></span> <span class='ocrx_word' id='word_1_160' title='bbox 1519 1533 1697 1591; x_wconf 83' lang='lat' dir='ltr'><strong>vibentium.</strong></span> 
     </span>
    </p>

    <p class='ocr_par' dir='ltr' id='par_1_9' title="bbox 306 1619 1963 1872">
     <span class='ocr_line' id='line_1_16' title="bbox 343 1619 1963 1696; baseline -0.001 -18"><span class='ocrx_word' id='word_1_161' title='bbox 343 1622 495 1679; x_wconf 88' lang='lat' dir='ltr'><strong>Netradas</strong></span> <span class='ocrx_word' id='word_1_162' title='bbox 509 1639 568 1689; x_wconf 92' lang='lat' dir='ltr'><strong>me,</strong></span> <span class='ocrx_word' id='word_1_163' title='bbox 585 1624 719 1694; x_wconf 84' lang='lat' dir='ltr'><strong>nomine,</strong></span> <span class='ocrx_word' id='word_1_164' title='bbox 740 1623 918 1681; x_wconf 88' lang='lat' dir='ltr'><strong>adesiderio</strong></span> <span class='ocrx_word' id='word_1_165' title='bbox 936 1640 1005 1681; x_wconf 90' lang='lat' dir='ltr'><strong>meo</strong></span> <span class='ocrx_word' id='word_1_166' title='bbox 1024 1639 1130 1696; x_wconf 89' lang='lat' dir='ltr'><strong>pecca·</strong></span> <span class='ocrx_word' id='word_1_167' title='bbox 1220 1619 1341 1677; x_wconf 90' lang='lat' dir='ltr'><strong>intende</strong></span> <span class='ocrx_word' id='word_1_168' title='bbox 1351 1620 1417 1677; x_wconf 90' lang='lat' dir='ltr'><strong>voci</strong></span> <span class='ocrx_word' id='word_1_169' title='bbox 1425 1621 1567 1679; x_wconf 88' lang='lat' dir='ltr'><strong>orationis</strong></span> <span class='ocrx_word' id='word_1_170' title='bbox 1578 1638 1662 1689; x_wconf 83' lang='lat' dir='ltr'><strong>meos,</strong></span> <span class='ocrx_word' id='word_1_171' title='bbox 1674 1623 1745 1695; x_wconf 90' lang='lat' dir='ltr'><strong>qnia</strong></span> <span class='ocrx_word' id='word_1_172' title='bbox 1753 1622 1907 1681; x_wconf 86' lang='lat' dir='ltr'><strong>humiliatus</strong></span> <span class='ocrx_word' id='word_1_173' title='bbox 1915 1638 1963 1679; x_wconf 88' lang='lat' dir='ltr'><strong>sun</strong></span> 
     </span>
     <span class='ocr_line' id='line_1_17' title="bbox 306 1706 1962 1785; baseline 0 -19"><span class='ocrx_word' id='word_1_174' title='bbox 306 1708 362 1766; x_wconf 92' lang='lat' dir='ltr'><strong>tori</strong></span> <span class='ocrx_word' id='word_1_175' title='bbox 376 1707 612 1781; x_wconf 78' lang='lat' dir='ltr'><strong>*cogitaberunt</strong></span> <span class='ocrx_word' id='word_1_176' title='bbox 633 1711 789 1769; x_wconf 85' lang='lat' dir='ltr'><strong>adversum</strong></span> <span class='ocrx_word' id='word_1_177' title='bbox 814 1728 873 1781; x_wconf 86' lang='lat' dir='ltr'><strong>me,</strong></span> <span class='ocrx_word' id='word_1_178' title='bbox 888 1728 926 1769; x_wconf 91' lang='lat' dir='ltr'><strong>ne</strong></span> <span class='ocrx_word' id='word_1_179' title='bbox 940 1712 1130 1785; x_wconf 89' lang='lat' dir='ltr'><strong>derelinquas</strong></span> <span class='ocrx_word' id='word_1_180' title='bbox 1144 1710 1167 1767; x_wconf 89' lang='lat' dir='ltr'>B</span> <span class='ocrx_word' id='word_1_181' title='bbox 1182 1706 1272 1763; x_wconf 89' lang='lat' dir='ltr'><strong>nimis</strong></span> <span class='ocrx_word' id='word_1_182' title='bbox 1288 1707 1405 1766; x_wconf 86' lang='lat' dir='ltr'><strong>&#39;libera</strong></span> <span class='ocrx_word' id='word_1_183' title='bbox 1423 1726 1471 1767; x_wconf 91' lang='lat' dir='ltr'><strong>me</strong></span> <span class='ocrx_word' id='word_1_184' title='bbox 1486 1726 1504 1767; x_wconf 92' lang='lat' dir='ltr'><strong>e</strong></span> <span class='ocrx_word' id='word_1_185' title='bbox 1529 1711 1777 1784; x_wconf 83' lang='lat' dir='ltr'><strong>persequentibus</strong></span> <span class='ocrx_word' id='word_1_186' title='bbox 1794 1728 1838 1768; x_wconf 89' lang='lat' dir='ltr'><strong>me</strong></span> <span class='ocrx_word' id='word_1_187' title='bbox 1853 1710 1962 1785; x_wconf 88' lang='lat' dir='ltr'><strong>quonian</strong></span> 
     </span>
     <span class='ocr_line' id='line_1_18' title="bbox 306 1795 1607 1872; baseline 0.002 -20"><span class='ocrx_word' id='word_1_188' title='bbox 306 1811 354 1852; x_wconf 92' lang='lat' dir='ltr'><strong>me</strong></span> <span class='ocrx_word' id='word_1_189' title='bbox 371 1812 378 1852; x_wconf 73' lang='grc' dir='ltr'><em>τ</em></span> <span class='ocrx_word' id='word_1_190' title='bbox 393 1813 432 1854; x_wconf 91' lang='lat' dir='ltr'><strong>ne</strong></span> <span class='ocrx_word' id='word_1_191' title='bbox 446 1813 583 1872; x_wconf 89' lang='lat' dir='ltr'><strong>unquam</strong></span> <span class='ocrx_word' id='word_1_192' title='bbox 597 1799 771 1858; x_wconf 81' lang='lat' dir='ltr'><strong>exaltentur.</strong></span> <span class='ocrx_word' id='word_1_193' title='bbox 1183 1795 1340 1853; x_wconf 80' lang='lat' dir='ltr'><strong>confortati</strong></span> <span class='ocrx_word' id='word_1_194' title='bbox 1355 1802 1425 1854; x_wconf 88' lang='lat' dir='ltr'><strong>sunt</strong></span> <span class='ocrx_word' id='word_1_195' title='bbox 1444 1814 1536 1871; x_wconf 89' lang='lat' dir='ltr'><strong>super</strong></span> <span class='ocrx_word' id='word_1_196' title='bbox 1550 1814 1607 1855; x_wconf 89' lang='lat' dir='ltr'><strong>me.</strong></span> 
     </span>
    </p>

    <p class='ocr_par' dir='ltr' id='par_1_10' title="bbox 305 1883 1962 2048">
     <span class='ocr_line' id='line_1_19' title="bbox 342 1883 1962 1963; baseline 0.001 -23"><span class='ocrx_word' id='word_1_197' title='bbox 342 1885 438 1958; x_wconf 88' lang='lat' dir='ltr'><strong>Caput</strong></span> <span class='ocrx_word' id='word_1_198' title='bbox 451 1887 591 1945; x_wconf 87' lang='lat' dir='ltr'><strong>circuitus</strong></span> <span class='ocrx_word' id='word_1_199' title='bbox 600 1896 723 1946; x_wconf 74' lang='lat' dir='ltr'><strong>eorum*</strong></span> <span class='ocrx_word' id='word_1_200' title='bbox 735 1887 822 1946; x_wconf 90' lang='lat' dir='ltr'><strong>labor</strong></span> <span class='ocrx_word' id='word_1_201' title='bbox 831 1888 978 1947; x_wconf 83' lang='lat' dir='ltr'><strong>labiorum</strong></span> <span class='ocrx_word' id='word_1_202' title='bbox 992 1889 1128 1963; x_wconf 90' lang='lat' dir='ltr'><strong>ipsorum</strong></span> <span class='ocrx_word' id='word_1_203' title='bbox 1216 1884 1296 1941; x_wconf 86' lang='lat' dir='ltr'><strong>Educ</strong></span> <span class='ocrx_word' id='word_1_204' title='bbox 1310 1883 1348 1941; x_wconf 90' lang='lat' dir='ltr'><strong>de</strong></span> <span class='ocrx_word' id='word_1_205' title='bbox 1358 1900 1474 1945; x_wconf 86' lang='lat' dir='ltr'><strong>carcere</strong></span> <span class='ocrx_word' id='word_1_206' title='bbox 1488 1886 1621 1945; x_wconf 89' lang='lat' dir='ltr'><strong>animam</strong></span> <span class='ocrx_word' id='word_1_207' title='bbox 1637 1902 1737 1945; x_wconf 89' lang='lat' dir='ltr'><strong>meam</strong></span> <span class='ocrx_word' id='word_1_208' title='bbox 1748 1887 1786 1945; x_wconf 90' lang='lat' dir='ltr'><strong>ad</strong></span> <span class='ocrx_word' id='word_1_209' title='bbox 1797 1886 1962 1945; x_wconf 84' lang='lat' dir='ltr'><strong>confitendum</strong></span> 
     </span>
     <span class='ocr_line' id='line_1_20' title="bbox 305 1971 1960 2048; baseline -0.002 -18"><span class='ocrx_word' id='word_1_210' title='bbox 305 1971 419 2046; x_wconf 86' lang='lat' dir='ltr'><strong>operiet</strong></span> <span class='ocrx_word' id='word_1_211' title='bbox 432 1990 494 2032; x_wconf 87' lang='lat' dir='ltr'><strong>eos.</strong></span> <span class='ocrx_word' id='word_1_212' title='bbox 1181 1973 1295 2030; x_wconf 91' lang='lat' dir='ltr'><strong>nomini</strong></span> <span class='ocrx_word' id='word_1_213' title='bbox 1304 1973 1960 2048; x_wconf 82' lang='lat' dir='ltr'><strong>tuo·meexpectantinstidonscretribnasnibi.</strong></span> 
     </span>
    </p>
   </div>
   <div class='ocr_carea' id='block_1_3' title="bbox 304 2062 1757 2492">
    <p class='ocr_par' dir='ltr' id='par_1_11' title="bbox 305 2062 1640 2212">
     <span class='ocr_line' id='line_1_21' title="bbox 340 2062 1640 2157; baseline 0.005 -38"><span class='ocrx_word' id='word_1_214' title='bbox 340 2062 1128 2139; x_wconf 79' lang='lat' dir='ltr'><strong>Cadentsopereoscerbonesignis;etinignedeJ&#39;i·</strong></span> <span class='ocrx_word' id='word_1_215' title='bbox 1542 2101 1640 2157; x_wconf 42' lang='lat' dir='ltr'><strong>mu·</strong></span> 
     </span>
     <span class='ocr_line' id='line_1_22' title="bbox 305 2149 953 2212; baseline 0.003 -5"><span class='ocrx_word' id='word_1_216' title='bbox 305 2149 365 2208; x_wconf 89' lang='lat' dir='ltr'><strong>cies</strong></span> <span class='ocrx_word' id='word_1_217' title='bbox 377 2166 428 2209; x_wconf 92' lang='lat' dir='ltr'><strong>eos</strong></span> <span class='ocrx_word' id='word_1_218' title='bbox 442 2152 457 2185; x_wconf 70' lang='lat'>⁸</span> <span class='ocrx_word' id='word_1_219' title='bbox 470 2156 499 2210; x_wconf 90' lang='lat' dir='ltr'><strong>et</strong></span> <span class='ocrx_word' id='word_1_220' title='bbox 512 2154 542 2211; x_wconf 93' lang='lat' dir='ltr'><strong>in</strong></span> <span class='ocrx_word' id='word_1_221' title='bbox 562 2153 689 2212; x_wconf 89' lang='lat' dir='ltr'><strong>miseriis</strong></span> <span class='ocrx_word' id='word_1_222' title='bbox 702 2169 764 2212; x_wconf 93' lang='lat' dir='ltr'><strong>non</strong></span> <span class='ocrx_word' id='word_1_223' title='bbox 776 2154 953 2212; x_wconf 88' lang='lat' dir='ltr'><strong>subsistunt.</strong></span> 
     </span>
    </p>

    <p class='ocr_par' dir='ltr' id='par_1_12' title="bbox 304 2239 1757 2409">
     <span class='ocr_line' id='line_1_23' title="bbox 339 2239 1127 2315; baseline 0.005 -18"><span class='ocrx_word' id='word_1_224' title='bbox 339 2239 387 2297; x_wconf 82' lang='lat' dir='ltr'><strong>Vir</strong></span> <span class='ocrx_word' id='word_1_225' title='bbox 399 2240 534 2312; x_wconf 80' lang='lat' dir='ltr'><strong>lingosus</strong></span> <span class='ocrx_word' id='word_1_226' title='bbox 547 2257 607 2299; x_wconf 92' lang='lat' dir='ltr'><strong>non</strong></span> <span class='ocrx_word' id='word_1_227' title='bbox 618 2242 761 2314; x_wconf 88' lang='lat' dir='ltr'><strong>dirigetur</strong></span> <span class='ocrx_word' id='word_1_228' title='bbox 776 2247 988 2315; x_wconf 88' lang='lat' dir='ltr'><strong>superterram</strong></span> <span class='ocrx_word' id='word_1_229' title='bbox 1002 2243 1127 2301; x_wconf 71' lang='lat' dir='ltr'><strong>*virum</strong></span> 
     </span>
     <span class='ocr_line' id='line_1_24' title="bbox 304 2327 1757 2409; baseline 0.007 -24"><span class='ocrx_word' id='word_1_230' title='bbox 304 2327 447 2387; x_wconf 85' lang='lat' dir='ltr'><strong>iniustum</strong></span> <span class='ocrx_word' id='word_1_231' title='bbox 462 2329 859 2404; x_wconf 88' lang='lat' dir='ltr'><strong>melacapiuntininteritn.</strong></span> <span class='ocrx_word' id='word_1_232' title='bbox 1429 2338 1528 2395; x_wconf 79' lang='lat' dir='ltr'><strong>Oratio</strong></span> <span class='ocrx_word' id='word_1_233' title='bbox 1554 2338 1757 2409; x_wconf 79' lang='lat' dir='ltr'><strong>consessionis.</strong></span> 
     </span>
    </p>

    <p class='ocr_par' dir='ltr' id='par_1_13' title="bbox 340 2417 1069 2492">
     <span class='ocr_line' id='line_1_25' title="bbox 340 2417 1069 2492; baseline 0.004 -16"><span class='ocrx_word' id='word_1_234' title='bbox 340 2417 484 2491; x_wconf 75' lang='lat' dir='ltr'><strong>cognobi,</strong></span> <span class='ocrx_word' id='word_1_235' title='bbox 499 2420 643 2492; x_wconf 89' lang='lat' dir='ltr'><strong>quoniam</strong></span> <span class='ocrx_word' id='word_1_236' title='bbox 656 2420 744 2477; x_wconf 88' lang='lat' dir='ltr'><strong>tneiet</strong></span> <span class='ocrx_word' id='word_1_237' title='bbox 766 2420 911 2477; x_wconf 83' lang='lat' dir='ltr'><strong>Dominus</strong></span> <span class='ocrx_word' id='word_1_238' title='bbox 923 2419 1069 2479; x_wconf 91' lang='lat' dir='ltr'><strong>iudicium</strong></span> 
     </span>
    </p>
   </div>
   <div class='ocr_carea' id='block_1_4' title="bbox 304 2507 1960 2710">
    <p class='ocr_par' dir='ltr' id='par_1_14' title="bbox 304 2507 1960 2710">
     <span class='ocr_line' id='line_1_26' title="bbox 304 2507 1960 2618; baseline 0.014 -37"><span class='ocrx_word' id='word_1_239' title='bbox 304 2507 608 2610; x_wconf 55' lang='grc' dir='ltr'><strong>ΟΡῙΓΘΠῙΜΜῙΨ</strong></span> <span class='ocrx_word' id='word_1_240' title='bbox 620 2524 774 2610; x_wconf 56' lang='lat' dir='ltr'><strong>Paupem·</strong></span> <span class='ocrx_word' id='word_1_241' title='bbox 952 2598 989 2611; x_wconf 81' lang='grc'><strong>,,</strong></span> <span class='ocrx_word' id='word_1_242' title='bbox 1121 2572 1129 2579; x_wconf 92' lang='grc'><em>·</em></span> <span class='ocrx_word' id='word_1_243' title='bbox 1216 2548 1644 2607; x_wconf 82' lang='lat' dir='ltr'><strong>Domineexaudioratioucm</strong></span> <span class='ocrx_word' id='word_1_244' title='bbox 1659 2548 1899 2608; x_wconf 87' lang='lat' dir='ltr'><strong>meam&#39;uuribus</strong></span> <span class='ocrx_word' id='word_1_245' title='bbox 1915 2560 1960 2618; x_wconf 87' lang='lat' dir='ltr'><strong>per·</strong></span> 
     </span>
     <span class='ocr_line' id='line_1_27' title="bbox 338 2595 1864 2710; baseline 0.016 -59"><span class='ocrx_word' id='word_1_246' title='bbox 338 2596 548 2654; x_wconf 85' lang='lat' dir='ltr'><strong>Verumtamen</strong></span> <span class='ocrx_word' id='word_1_247' title='bbox 560 2602 630 2655; x_wconf 87' lang='lat' dir='ltr'><strong>rusb</strong></span> <span class='ocrx_word' id='word_1_248' title='bbox 643 2597 863 2655; x_wconf 86' lang='lat' dir='ltr'><strong>confitebuntur</strong></span> <span class='ocrx_word' id='word_1_249' title='bbox 876 2613 992 2655; x_wconf 81' lang='lat' dir='ltr'><strong>nomini</strong></span> <span class='ocrx_word' id='word_1_250' title='bbox 1005 2602 1055 2655; x_wconf 93' lang='lat' dir='ltr'><strong>luo</strong></span> <span class='ocrx_word' id='word_1_251' title='bbox 1069 2595 1084 2630; x_wconf 70' lang='lat'>¹</span> <span class='ocrx_word' id='word_1_252' title='bbox 1098 2602 1128 2655; x_wconf 88' lang='lat' dir='ltr'><strong>at</strong></span> <span class='ocrx_word' id='word_1_253' title='bbox 1181 2636 1245 2710; x_wconf 55' lang='lat' dir='ltr'><strong>cipe</strong></span> <span class='ocrx_word' id='word_1_254' title='bbox 1259 2635 1497 2696; x_wconf 55' lang='lat' dir='ltr'><strong>obsecrationem</strong></span> <span class='ocrx_word' id='word_1_255' title='bbox 1511 2654 1609 2695; x_wconf 59' lang='lat' dir='ltr'><strong>meam</strong></span> <span class='ocrx_word' id='word_1_256' title='bbox 1624 2639 1656 2695; x_wconf 69' lang='lat' dir='ltr'><strong>in</strong></span> <span class='ocrx_word' id='word_1_257' title='bbox 1673 2639 1793 2697; x_wconf 51' lang='lat' dir='ltr'>veritate</span> <span class='ocrx_word' id='word_1_258' title='bbox 1811 2644 1864 2694; x_wconf 59' lang='lat' dir='ltr'><strong>tua,</strong></span> 
     </span>
    </p>
   </div>
   <div class='ocr_carea' id='block_1_5' title="bbox 303 2680 1957 2793">
    <p class='ocr_par' dir='ltr' id='par_1_15' title="bbox 303 2680 1957 2793">
     <span class='ocr_line' id='line_1_28' title="bbox 303 2680 1957 2793; baseline 0.008 -34"><span class='ocrx_word' id='word_1_259' title='bbox 303 2680 563 2742; x_wconf 53' lang='lat' dir='ltr'><strong>hfflffibummfi</strong></span> <span class='ocrx_word' id='word_1_260' title='bbox 578 2701 647 2744; x_wconf 70' lang='lat'>⁰⁰⁰¹</span> <span class='ocrx_word' id='word_1_261' title='bbox 661 2685 736 2744; x_wconf 54' lang='lat' dir='ltr'><strong>fade</strong></span> <span class='ocrx_word' id='word_1_262' title='bbox 755 2690 816 2743; x_wconf 57' lang='grc' dir='ltr'><strong>ω·</strong></span> <span class='ocrx_word' id='word_1_263' title='bbox 1215 2726 1328 2785; x_wconf 86' lang='lat' dir='ltr'><strong>Exaudi</strong></span> <span class='ocrx_word' id='word_1_264' title='bbox 1342 2740 1391 2783; x_wconf 88' lang='lat' dir='ltr'><strong>me</strong></span> <span class='ocrx_word' id='word_1_265' title='bbox 1405 2726 1436 2783; x_wconf 91' lang='lat' dir='ltr'><strong>in</strong></span> <span class='ocrx_word' id='word_1_266' title='bbox 1448 2732 1500 2784; x_wconf 89' lang='lat' dir='ltr'><strong>tue</strong></span> <span class='ocrx_word' id='word_1_267' title='bbox 1513 2726 1632 2793; x_wconf 88' lang='lat' dir='ltr'><strong>iustitia,</strong></span> <span class='ocrx_word' id='word_1_268' title='bbox 1650 2732 1680 2787; x_wconf 89' lang='lat' dir='ltr'><strong>st</strong></span> <span class='ocrx_word' id='word_1_269' title='bbox 1692 2742 1730 2784; x_wconf 90' lang='lat' dir='ltr'><strong>ne</strong></span> <span class='ocrx_word' id='word_1_270' title='bbox 1744 2729 1827 2783; x_wconf 86' lang='lat' dir='ltr'><strong>intres</strong></span> <span class='ocrx_word' id='word_1_271' title='bbox 1840 2726 1866 2783; x_wconf 92' lang='lat' dir='ltr'><strong>in</strong></span> <span class='ocrx_word' id='word_1_272' title='bbox 1876 2719 1957 2779; x_wconf 87' lang='lat' dir='ltr'><strong>indicio</strong></span> 
     </span>
    </p>
   </div>
   <div class='ocr_carea' id='block_1_6' title="bbox 676 2775 1960 2889">
    <p class='ocr_par' dir='ltr' id='par_1_16' title="bbox 676 2775 1960 2889">
     <span class='ocr_line' id='line_1_29' title="bbox 676 2775 1960 2889; baseline -0.01 -14"><span class='ocrx_word' id='word_1_273' title='bbox 676 2775 752 2833; x_wconf 56' lang='grc' dir='ltr'><strong>ω’·</strong></span> <span class='ocrx_word' id='word_1_274' title='bbox 1179 2829 1248 2872; x_wconf 90' lang='lat' dir='ltr'><strong>oum</strong></span> <span class='ocrx_word' id='word_1_275' title='bbox 1271 2829 1355 2873; x_wconf 80' lang='lat' dir='ltr'><strong>servo</strong></span> <span class='ocrx_word' id='word_1_276' title='bbox 1377 2819 1429 2874; x_wconf 92' lang='lat' dir='ltr'><strong>tuo</strong></span> <span class='ocrx_word' id='word_1_277' title='bbox 1444 2812 1453 2829; x_wconf 90' lang='lat'>&#39;</span> <span class='ocrx_word' id='word_1_278' title='bbox 1468 2814 1541 2889; x_wconf 90' lang='lat' dir='ltr'><strong>qnia</strong></span> <span class='ocrx_word' id='word_1_279' title='bbox 1556 2830 1617 2872; x_wconf 92' lang='lat' dir='ltr'><strong>non</strong></span> <span class='ocrx_word' id='word_1_280' title='bbox 1641 2815 1843 2873; x_wconf 81' lang='lat' dir='ltr'><strong>iustificabitur</strong></span> <span class='ocrx_word' id='word_1_281' title='bbox 1857 2813 1881 2869; x_wconf 92' lang='lat' dir='ltr'><strong>in</strong></span> <span class='ocrx_word' id='word_1_282' title='bbox 1896 2824 1960 2866; x_wconf 84' lang='lat' dir='ltr'><strong>cons·</strong></span> 
     </span>
    </p>
   </div>
   <div class='ocr_carea' id='block_1_7' title="bbox 375 2862 1956 3065">
    <p class='ocr_par' dir='ltr' id='par_1_17' title="bbox 375 2862 1956 3065">
     <span class='ocr_line' id='line_1_30' title="bbox 456 2862 1569 2977; baseline -0.003 -15"><span class='ocrx_word' id='word_1_283' title='bbox 456 2951 461 2962; x_wconf 94' lang='lat'><strong>.</strong></span> <span class='ocrx_word' id='word_1_284' title='bbox 552 2862 852 2963; x_wconf 56' lang='lat' dir='ltr'><strong>.C³⁰ti⁰¹¹m⁰“id‘</strong></span> <span class='ocrx_word' id='word_1_285' title='bbox 955 2950 961 2962; x_wconf 91' lang='lat'><strong>.</strong></span> <span class='ocrx_word' id='word_1_286' title='bbox 1178 2908 1267 2977; x_wconf 88' lang='lat' dir='ltr'><strong>pactu</strong></span> <span class='ocrx_word' id='word_1_287' title='bbox 1279 2908 1329 2960; x_wconf 90' lang='lat' dir='ltr'><strong>tuo</strong></span> <span class='ocrx_word' id='word_1_288' title='bbox 1341 2902 1441 2961; x_wconf 89' lang='lat' dir='ltr'><strong>omnis</strong></span> <span class='ocrx_word' id='word_1_289' title='bbox 1455 2903 1569 2961; x_wconf 84' lang='lat' dir='ltr'><strong>vibens.</strong></span> 
     </span>
     <span class='ocr_line' id='line_1_31' title="bbox 375 2949 1956 3065; baseline -0.005 -16"><span class='ocrx_word' id='word_1_290' title='bbox 375 2949 488 3019; x_wconf 42' lang='grc' dir='ltr'><strong>(ΜΨ</strong></span> <span class='ocrx_word' id='word_1_291' title='bbox 504 2965 556 3022; x_wconf 66' lang='lat'><strong>⁹¹¹²</strong></span> <span class='ocrx_word' id='word_1_292' title='bbox 566 2950 727 3007; x_wconf 54' lang='lat' dir='ltr'><em>&#39;mudum</em></span> <span class='ocrx_word' id='word_1_293' title='bbox 738 2953 826 3007; x_wconf 58' lang='lat' dir='ltr'><strong><em>Deum</em></strong></span> <span class='ocrx_word' id='word_1_294' title='bbox 835 2951 960 3021; x_wconf 55' lang='lat' dir='ltr'><strong><em>persecu</em></strong></span> <span class='ocrx_word' id='word_1_295' title='bbox 971 2955 1052 3007; x_wconf 64' lang='lat' dir='ltr'><strong>‘um&#39;</strong></span> <span class='ocrx_word' id='word_1_296' title='bbox 1214 2992 1290 3058; x_wconf 88' lang='lat' dir='ltr'><strong>Quia</strong></span> <span class='ocrx_word' id='word_1_297' title='bbox 1303 2996 1501 3065; x_wconf 86' lang='lat' dir='ltr'><strong>persequutus</strong></span> <span class='ocrx_word' id='word_1_298' title='bbox 1514 2994 1558 3049; x_wconf 87' lang='lat' dir='ltr'><strong>est</strong></span> <span class='ocrx_word' id='word_1_299' title='bbox 1570 2992 1712 3051; x_wconf 87' lang='lat' dir='ltr'><strong>inimicus</strong></span> <span class='ocrx_word' id='word_1_300' title='bbox 1726 2993 1848 3051; x_wconf 85' lang='lat' dir='ltr'><strong>animem</strong></span> <span class='ocrx_word' id='word_1_301' title='bbox 1860 3000 1937 3045; x_wconf 74' lang='lat' dir='ltr'><strong>mun</strong></span> <span class='ocrx_word' id='word_1_302' title='bbox 1950 2984 1956 3003; x_wconf 85' lang='lat'>&#39;</span> 
     </span>
    </p>
   </div>
   <div class='ocr_carea' id='block_1_8' title="bbox 300 3035 2009 5310">
    <p class='ocr_par' dir='ltr' id='par_1_18' title="bbox 300 3035 2012 5310">
     <span class='ocr_line' id='line_1_32' title="bbox 337 3035 1723 3140; baseline 0.005 -48"><span class='ocrx_word' id='word_1_303' title='bbox 337 3037 472 3104; x_wconf 87' lang='lat' dir='ltr'><strong>Domine,</strong></span> <span class='ocrx_word' id='word_1_304' title='bbox 483 3035 911 3107; x_wconf 71' lang='lat' dir='ltr'><strong>clamabiadte,exaudime*</strong></span> <span class='ocrx_word' id='word_1_305' title='bbox 922 3037 1042 3096; x_wconf 89' lang='lat' dir='ltr'><strong>intende</strong></span> <span class='ocrx_word' id='word_1_306' title='bbox 1059 3038 1125 3098; x_wconf 85' lang='lat' dir='ltr'><strong>roci</strong></span> <span class='ocrx_word' id='word_1_307' title='bbox 1142 3054 1162 3112; x_wconf 68' lang='grc' dir='ltr'>ρ</span> <span class='ocrx_word' id='word_1_308' title='bbox 1177 3078 1346 3138; x_wconf 48' lang='lat' dir='ltr'><strong>humiliavit</strong></span> <span class='ocrx_word' id='word_1_309' title='bbox 1360 3080 1390 3137; x_wconf 67' lang='lat' dir='ltr'><strong>in</strong></span> <span class='ocrx_word' id='word_1_310' title='bbox 1408 3086 1486 3139; x_wconf 45' lang='lat' dir='ltr'><strong>tm</strong></span> <span class='ocrx_word' id='word_1_311' title='bbox 1498 3080 1593 3139; x_wconf 56' lang='lat' dir='ltr'><strong>vitam</strong></span> <span class='ocrx_word' id='word_1_312' title='bbox 1612 3098 1723 3140; x_wconf 43' lang='lat' dir='ltr'><strong>meam·</strong></span> 
     </span>
     <span class='ocr_line' id='line_1_33' title="bbox 303 3126 1953 3230; baseline 0 -6"><span class='ocrx_word' id='word_1_313' title='bbox 303 3129 446 3225; x_wconf 44' lang='lat' dir='ltr'><strong>⁰¹³f¹⁰.⁰¹⁸</strong></span> <span class='ocrx_word' id='word_1_314' title='bbox 460 3140 544 3193; x_wconf 57' lang='grc' dir='ltr'><strong>Μ’</strong></span> <span class='ocrx_word' id='word_1_315' title='bbox 559 3126 632 3225; x_wconf 46' lang='lat' dir='ltr'><strong>{ium</strong></span> <span class='ocrx_word' id='word_1_316' title='bbox 648 3126 818 3228; x_wconf 36' lang='lat' dir='ltr'><strong>daimbffm</strong></span> <span class='ocrx_word' id='word_1_317' title='bbox 829 3127 867 3184; x_wconf 64' lang='lat' dir='ltr'><strong>ad</strong></span> <span class='ocrx_word' id='word_1_318' title='bbox 881 3132 918 3184; x_wconf 42' lang='grc' dir='ltr'><strong>ιε’</strong></span> <span class='ocrx_word' id='word_1_319' title='bbox 940 3216 945 3227; x_wconf 96' lang='grc'>.</span> <span class='ocrx_word' id='word_1_320' title='bbox 1213 3170 1384 3228; x_wconf 84' lang='lat' dir='ltr'><strong>Conlocarit</strong></span> <span class='ocrx_word' id='word_1_321' title='bbox 1398 3187 1445 3228; x_wconf 90' lang='lat' dir='ltr'><strong>me</strong></span> <span class='ocrx_word' id='word_1_322' title='bbox 1459 3171 1490 3227; x_wconf 93' lang='lat' dir='ltr'><strong>in</strong></span> <span class='ocrx_word' id='word_1_323' title='bbox 1502 3169 1639 3228; x_wconf 87' lang='lat' dir='ltr'><strong>obscuris</strong></span> <span class='ocrx_word' id='word_1_324' title='bbox 1655 3173 1730 3230; x_wconf 88' lang='lat' dir='ltr'><strong>sicut</strong></span> <span class='ocrx_word' id='word_1_325' title='bbox 1741 3175 1862 3228; x_wconf 87' lang='lat' dir='ltr'><strong>mortuos</strong></span> <span class='ocrx_word' id='word_1_326' title='bbox 1872 3162 1953 3222; x_wconf 79' lang='lat' dir='ltr'><strong>sacnti.</strong></span> 
     </span>
     <span class='ocr_line' id='line_1_34' title="bbox 337 3213 1956 3318; baseline 0.002 -48"><span class='ocrx_word' id='word_1_327' title='bbox 337 3213 485 3285; x_wconf 84' lang='lat' dir='ltr'><strong>brrrgatur</strong></span> <span class='ocrx_word' id='word_1_328' title='bbox 495 3225 590 3272; x_wconf 83' lang='lat' dir='ltr'><strong>oratio</strong></span> <span class='ocrx_word' id='word_1_329' title='bbox 602 3231 672 3272; x_wconf 88' lang='lat' dir='ltr'><strong>mea</strong></span> <span class='ocrx_word' id='word_1_330' title='bbox 684 3219 761 3272; x_wconf 85' lang='lat' dir='ltr'><strong>sicut</strong></span> <span class='ocrx_word' id='word_1_331' title='bbox 771 3231 927 3272; x_wconf 83' lang='lat' dir='ltr'><strong>incensum</strong></span> <span class='ocrx_word' id='word_1_332' title='bbox 937 3231 968 3272; x_wconf 91' lang='lat' dir='ltr'><strong>1n</strong></span> <span class='ocrx_word' id='word_1_333' title='bbox 981 3231 1125 3288; x_wconf 87' lang='lat' dir='ltr'><strong>conspec-</strong></span> <span class='ocrx_word' id='word_1_334' title='bbox 1177 3263 1204 3315; x_wconf 45' lang='lat' dir='ltr'><strong>ek</strong></span> <span class='ocrx_word' id='word_1_335' title='bbox 1219 3257 1357 3316; x_wconf 51' lang='lat' dir='ltr'><strong>anxiatus</strong></span> <span class='ocrx_word' id='word_1_336' title='bbox 1370 3259 1453 3317; x_wconf 46' lang='lat' dir='ltr'><strong>estin</strong></span> <span class='ocrx_word' id='word_1_337' title='bbox 1473 3275 1548 3316; x_wconf 56' lang='lat' dir='ltr'><strong>mes</strong></span> <span class='ocrx_word' id='word_1_338' title='bbox 1573 3258 1657 3316; x_wconf 57' lang='lat' dir='ltr'>imus</span> <span class='ocrx_word' id='word_1_339' title='bbox 1672 3277 1755 3318; x_wconf 56' lang='lat' dir='ltr'><strong>meus</strong></span> <span class='ocrx_word' id='word_1_340' title='bbox 1769 3260 1776 3276; x_wconf 89' lang='lat'><strong>.</strong></span> <span class='ocrx_word' id='word_1_341' title='bbox 1791 3260 1817 3315; x_wconf 65' lang='lat' dir='ltr'><strong>in</strong></span> <span class='ocrx_word' id='word_1_342' title='bbox 1830 3272 1870 3314; x_wconf 58' lang='lat' dir='ltr'><strong>me</strong></span> <span class='ocrx_word' id='word_1_343' title='bbox 1882 3251 1956 3309; x_wconf 55' lang='lat' dir='ltr'>turba,</span> 
     </span>
     <span class='ocr_line' id='line_1_35' title="bbox 302 3274 1570 3405; baseline 0.004 -47"><span class='ocrx_word' id='word_1_344' title='bbox 302 3305 333 3359; x_wconf 91' lang='lat' dir='ltr'><strong>tu</strong></span> <span class='ocrx_word' id='word_1_345' title='bbox 348 3304 417 3360; x_wconf 80' lang='lat' dir='ltr'><strong>tuo·</strong></span> <span class='ocrx_word' id='word_1_346' title='bbox 427 3302 712 3362; x_wconf 89' lang='lat' dir='ltr'><strong>elebatiomanuum</strong></span> <span class='ocrx_word' id='word_1_347' title='bbox 723 3303 1048 3362; x_wconf 88' lang='lat' dir='ltr'><strong>mearumsneriticinm</strong></span> <span class='ocrx_word' id='word_1_348' title='bbox 1059 3322 1125 3362; x_wconf 83' lang='lat' dir='ltr'><strong>res·</strong></span> <span class='ocrx_word' id='word_1_349' title='bbox 1176 3349 1240 3404; x_wconf 59' lang='lat' dir='ltr'><strong>tum</strong></span> <span class='ocrx_word' id='word_1_350' title='bbox 1255 3353 1299 3404; x_wconf 58' lang='lat' dir='ltr'><strong>est</strong></span> <span class='ocrx_word' id='word_1_351' title='bbox 1314 3363 1365 3404; x_wconf 62' lang='lat' dir='ltr'><strong>cor</strong></span> <span class='ocrx_word' id='word_1_352' title='bbox 1380 3363 1482 3405; x_wconf 67' lang='lat' dir='ltr'><strong>meum</strong></span> <span class='ocrx_word' id='word_1_353' title='bbox 1551 3274 1570 3332; x_wconf 72' lang='lat' dir='ltr'>p</span> 
     </span>
     <span class='ocr_line' id='line_1_36' title="bbox 300 3398 2009 3506; baseline -0.006 -15"><span class='ocrx_word' id='word_1_354' title='bbox 300 3398 459 3465; x_wconf 59' lang='lat' dir='ltr'><strong>pemum&#39;</strong></span> <span class='ocrx_word' id='word_1_355' title='bbox 516 3483 522 3496; x_wconf 87' lang='lat'><strong>.</strong></span> <span class='ocrx_word' id='word_1_356' title='bbox 699 3484 704 3495; x_wconf 92' lang='lat'><strong>.</strong></span> <span class='ocrx_word' id='word_1_357' title='bbox 801 3483 807 3495; x_wconf 92' lang='lat'><strong>.</strong></span> <span class='ocrx_word' id='word_1_358' title='bbox 997 3483 1003 3495; x_wconf 90' lang='lat'><strong>.</strong></span> <span class='ocrx_word' id='word_1_359' title='bbox 1087 3485 1093 3496; x_wconf 89' lang='lat'><strong>.</strong></span> <span class='ocrx_word' id='word_1_360' title='bbox 1211 3434 1377 3494; x_wconf 85' lang='lat' dir='ltr'><strong>Memortni</strong></span> <span class='ocrx_word' id='word_1_361' title='bbox 1396 3437 1510 3494; x_wconf 90' lang='lat' dir='ltr'><strong>dierum</strong></span> <span class='ocrx_word' id='word_1_362' title='bbox 1525 3437 1705 3506; x_wconf 89' lang='lat' dir='ltr'><strong>anticorum,</strong></span> <span class='ocrx_word' id='word_1_363' title='bbox 1720 3435 1954 3497; x_wconf 84' lang='lat' dir='ltr'><strong>etmeditatussun</strong></span> <span class='ocrx_word' id='word_1_364' title='bbox 2008 3431 2009 3495; x_wconf 80' lang='lat' dir='ltr'><strong>t</strong></span> 
     </span>
     <span class='ocr_line' id='line_1_37' title="bbox 335 3483 2008 3597; baseline -0.006 -18"><span class='ocrx_word' id='word_1_365' title='bbox 335 3483 426 3550; x_wconf 51' lang='grc' dir='ltr'><strong>ΡΜ</strong></span> <span class='ocrx_word' id='word_1_366' title='bbox 438 3483 573 3552; x_wconf 71' lang='lat' dir='ltr'>D⁰m¹⁰⁰’</span> <span class='ocrx_word' id='word_1_367' title='bbox 588 3483 897 3554; x_wconf 44' lang='lat' dir='ltr'><strong>⁰u⁸t⁰d¹²m⁰r¹meffi</strong></span> <span class='ocrx_word' id='word_1_368' title='bbox 911 3487 1122 3542; x_wconf 58' lang='lat' dir='ltr'><strong>⁰¹⁰⁸¹¹¹¹m⁰¹f&#39;</strong></span> <span class='ocrx_word' id='word_1_369' title='bbox 1174 3524 1205 3581; x_wconf 90' lang='lat' dir='ltr'><strong>in</strong></span> <span class='ocrx_word' id='word_1_370' title='bbox 1217 3525 1358 3584; x_wconf 88' lang='lat' dir='ltr'><strong>omnibus</strong></span> <span class='ocrx_word' id='word_1_371' title='bbox 1370 3526 1509 3597; x_wconf 91' lang='lat' dir='ltr'><strong>operibus</strong></span> <span class='ocrx_word' id='word_1_372' title='bbox 1533 3527 1591 3584; x_wconf 90' lang='lat' dir='ltr'><strong>tois</strong></span> <span class='ocrx_word' id='word_1_373' title='bbox 1614 3529 1624 3548; x_wconf 82' lang='grc'><em>·</em></span> <span class='ocrx_word' id='word_1_374' title='bbox 1647 3533 1677 3584; x_wconf 90' lang='lat' dir='ltr'><strong>et</strong></span> <span class='ocrx_word' id='word_1_375' title='bbox 1694 3527 1723 3585; x_wconf 90' lang='lat' dir='ltr'><strong>in</strong></span> <span class='ocrx_word' id='word_1_376' title='bbox 1743 3526 1822 3583; x_wconf 89' lang='lat' dir='ltr'><strong>tactis</strong></span> <span class='ocrx_word' id='word_1_377' title='bbox 1844 3530 1953 3578; x_wconf 87' lang='lat' dir='ltr'><strong>mennon</strong></span> <span class='ocrx_word' id='word_1_378' title='bbox 2007 3531 2008 3595; x_wconf 52' lang='lat' dir='ltr'><strong>p</strong></span> 
     </span>
     <span class='ocr_line' id='line_1_38' title="bbox 1174 3613 2007 3696; baseline 0.001 -25"><span class='ocrx_word' id='word_1_379' title='bbox 1174 3618 1294 3671; x_wconf 90' lang='lat' dir='ltr'><strong>tuarum</strong></span> <span class='ocrx_word' id='word_1_380' title='bbox 1308 3613 1487 3672; x_wconf 89' lang='lat' dir='ltr'><strong>meditabor.</strong></span> <span class='ocrx_word' id='word_1_381' title='bbox 2006 3627 2007 3696; x_wconf 67' lang='lat' dir='ltr'><strong>t</strong></span> 
     </span>
     <span class='ocr_line' id='line_1_39' title="bbox 1208 3691 2006 3796; baseline -0.018 -39"><span class='ocrx_word' id='word_1_382' title='bbox 1208 3702 1344 3775; x_wconf 83' lang='lat' dir='ltr'><strong>Expandi</strong></span> <span class='ocrx_word' id='word_1_383' title='bbox 1357 3718 1468 3760; x_wconf 91' lang='lat' dir='ltr'><strong>manus</strong></span> <span class='ocrx_word' id='word_1_384' title='bbox 1492 3719 1576 3760; x_wconf 90' lang='lat' dir='ltr'><strong>meas</strong></span> <span class='ocrx_word' id='word_1_385' title='bbox 1591 3703 1630 3760; x_wconf 93' lang='lat' dir='ltr'><strong>ad</strong></span> <span class='ocrx_word' id='word_1_386' title='bbox 1642 3709 1670 3761; x_wconf 89' lang='lat' dir='ltr'><strong>te</strong></span> <span class='ocrx_word' id='word_1_387' title='bbox 1685 3703 1806 3761; x_wconf 86' lang='lat' dir='ltr'><strong>&#39;anima</strong></span> <span class='ocrx_word' id='word_1_388' title='bbox 1824 3715 1881 3756; x_wconf 84' lang='lat' dir='ltr'><strong>men</strong></span> <span class='ocrx_word' id='word_1_389' title='bbox 1897 3691 1953 3750; x_wconf 81' lang='lat' dir='ltr'><strong>relat</strong></span> <span class='ocrx_word' id='word_1_390' title='bbox 2005 3719 2006 3796; x_wconf 33' lang='grc'>1</span> 
     </span>
     <span class='ocr_line' id='line_1_40' title="bbox 1172 3791 1781 3864; baseline -0.003 -17"><span class='ocrx_word' id='word_1_391' title='bbox 1172 3794 1250 3848; x_wconf 88' lang='lat' dir='ltr'><strong>terra</strong></span> <span class='ocrx_word' id='word_1_392' title='bbox 1261 3791 1325 3848; x_wconf 88' lang='lat' dir='ltr'><strong>sine</strong></span> <span class='ocrx_word' id='word_1_393' title='bbox 1339 3807 1430 3864; x_wconf 92' lang='lat' dir='ltr'><strong>aqna,</strong></span> <span class='ocrx_word' id='word_1_394' title='bbox 1444 3791 1584 3849; x_wconf 86' lang='lat' dir='ltr'><strong>velociter</strong></span> <span class='ocrx_word' id='word_1_395' title='bbox 1600 3792 1710 3850; x_wconf 83' lang='lat' dir='ltr'><strong>exaudi</strong></span> <span class='ocrx_word' id='word_1_396' title='bbox 1725 3807 1781 3849; x_wconf 85' lang='lat' dir='ltr'><strong>me.</strong></span> 
     </span>
     <span class='ocr_line' id='line_1_41' title="bbox 1206 3871 1950 3953; baseline -0.016 -19"><span class='ocrx_word' id='word_1_397' title='bbox 1206 3879 1331 3936; x_wconf 88' lang='lat' dir='ltr'><strong>Domine</strong></span> <span class='ocrx_word' id='word_1_398' title='bbox 1341 3879 1446 3938; x_wconf 89' lang='lat' dir='ltr'><strong>deiecit</strong></span> <span class='ocrx_word' id='word_1_399' title='bbox 1456 3880 1576 3953; x_wconf 90' lang='lat' dir='ltr'><strong>spiritus</strong></span> <span class='ocrx_word' id='word_1_400' title='bbox 1588 3896 1686 3948; x_wconf 89' lang='lat' dir='ltr'><strong>meus,</strong></span> <span class='ocrx_word' id='word_1_401' title='bbox 1697 3884 1865 3937; x_wconf 86' lang='lat' dir='ltr'><strong>nonavertas</strong></span> <span class='ocrx_word' id='word_1_402' title='bbox 1873 3871 1950 3930; x_wconf 84' lang='lat' dir='ltr'><strong>lacten</strong></span> 
     </span>
     <span class='ocr_line' id='line_1_42' title="bbox 1170 3962 1949 4027; baseline -0.019 -1"><span class='ocrx_word' id='word_1_403' title='bbox 1170 3971 1255 4026; x_wconf 90' lang='lat' dir='ltr'><strong>tuam</strong></span> <span class='ocrx_word' id='word_1_404' title='bbox 1269 3984 1288 4025; x_wconf 89' lang='lat' dir='ltr'><strong>a</strong></span> <span class='ocrx_word' id='word_1_405' title='bbox 1301 3984 1350 4024; x_wconf 91' lang='lat' dir='ltr'><strong>me</strong></span> <span class='ocrx_word' id='word_1_406' title='bbox 1363 3972 1415 4025; x_wconf 73' lang='lat' dir='ltr'><strong>*et</strong></span> <span class='ocrx_word' id='word_1_407' title='bbox 1428 3968 1591 4027; x_wconf 88' lang='lat' dir='ltr'><strong>similisero</strong></span> <span class='ocrx_word' id='word_1_408' title='bbox 1598 3968 1839 4027; x_wconf 86' lang='lat' dir='ltr'><strong>descendentibus</strong></span> <span class='ocrx_word' id='word_1_409' title='bbox 1847 3962 1949 4019; x_wconf 86' lang='lat' dir='ltr'><strong>inlacun</strong></span> 
     </span>
     <span class='ocr_line' id='line_1_43' title="bbox 1205 4051 1949 4116; baseline -0.017 -2"><span class='ocrx_word' id='word_1_410' title='bbox 1205 4057 1343 4115; x_wconf 78' lang='lat' dir='ltr'><strong>auditam</strong></span> <span class='ocrx_word' id='word_1_411' title='bbox 1356 4057 1403 4114; x_wconf 90' lang='lat' dir='ltr'><strong>lac</strong></span> <span class='ocrx_word' id='word_1_412' title='bbox 1418 4059 1490 4114; x_wconf 92' lang='lat' dir='ltr'><strong>mibi</strong></span> <span class='ocrx_word' id='word_1_413' title='bbox 1515 4074 1603 4116; x_wconf 89' lang='lat' dir='ltr'><strong>mene</strong></span> <span class='ocrx_word' id='word_1_414' title='bbox 1623 4057 1850 4116; x_wconf 88' lang='lat' dir='ltr'><strong>misericordiam</strong></span> <span class='ocrx_word' id='word_1_415' title='bbox 1868 4051 1949 4108; x_wconf 81' lang='lat' dir='ltr'><strong>tuan·</strong></span> 
     </span>
     <span class='ocr_line' id='line_1_44' title="bbox 1169 4145 1936 4229; baseline 0.007 -27"><span class='ocrx_word' id='word_1_416' title='bbox 1169 4145 1242 4215; x_wconf 89' lang='lat' dir='ltr'><strong>quia</strong></span> <span class='ocrx_word' id='word_1_417' title='bbox 1256 4147 1288 4202; x_wconf 89' lang='lat' dir='ltr'><strong>in</strong></span> <span class='ocrx_word' id='word_1_418' title='bbox 1299 4151 1327 4203; x_wconf 87' lang='lat' dir='ltr'><strong>te</strong></span> <span class='ocrx_word' id='word_1_419' title='bbox 1340 4146 1461 4220; x_wconf 90' lang='lat' dir='ltr'><strong>sperabi</strong></span> <span class='ocrx_word' id='word_1_420' title='bbox 1475 4147 1611 4205; x_wconf 82' lang='lat' dir='ltr'><strong>tlomins.</strong></span> <span class='ocrx_word' id='word_1_421' title='bbox 1931 4219 1936 4229; x_wconf 23' lang='grc' dir='ltr'><strong><em>ι</em></strong></span> 
     </span>
     <span class='ocr_line' id='line_1_45' title="bbox 1204 4226 1949 4311; baseline -0.007 -20"><span class='ocrx_word' id='word_1_422' title='bbox 1204 4237 1381 4294; x_wconf 79' lang='lat' dir='ltr'><strong>Demonstro</strong></span> <span class='ocrx_word' id='word_1_423' title='bbox 1391 4235 1724 4311; x_wconf 85' lang='lat' dir='ltr'><strong>mibiriam,perquam</strong></span> <span class='ocrx_word' id='word_1_424' title='bbox 1735 4226 1949 4298; x_wconf 72' lang='lat' dir='ltr'><strong>ambutem‘qlb</strong></span> 
     </span>
     <span class='ocr_line' id='line_1_46' title="bbox 1167 4322 1776 4383; baseline 0 -3"><span class='ocrx_word' id='word_1_425' title='bbox 1167 4322 1207 4380; x_wconf 88' lang='lat' dir='ltr'><strong>ad</strong></span> <span class='ocrx_word' id='word_1_426' title='bbox 1221 4323 1380 4380; x_wconf 88' lang='lat' dir='ltr'><strong>teDomine</strong></span> <span class='ocrx_word' id='word_1_427' title='bbox 1401 4325 1535 4382; x_wconf 90' lang='lat' dir='ltr'><strong>enimam</strong></span> <span class='ocrx_word' id='word_1_428' title='bbox 1547 4341 1649 4382; x_wconf 89' lang='lat' dir='ltr'><strong>meam</strong></span> <span class='ocrx_word' id='word_1_429' title='bbox 1666 4325 1776 4383; x_wconf 87' lang='lat' dir='ltr'><strong>lebabi.</strong></span> 
     </span>
     <span class='ocr_line' id='line_1_47' title="bbox 1129 4399 1947 4484; baseline -0.01 -19"><span class='ocrx_word' id='word_1_430' title='bbox 1129 4404 1152 4460; x_wconf 85' lang='lat' dir='ltr'><strong>l)</strong></span> <span class='ocrx_word' id='word_1_431' title='bbox 1202 4410 1287 4484; x_wconf 86' lang='lat' dir='ltr'><strong>Eripe</strong></span> <span class='ocrx_word' id='word_1_432' title='bbox 1297 4425 1346 4468; x_wconf 90' lang='lat' dir='ltr'><strong>ms</strong></span> <span class='ocrx_word' id='word_1_433' title='bbox 1361 4411 1398 4468; x_wconf 90' lang='lat' dir='ltr'><strong>de</strong></span> <span class='ocrx_word' id='word_1_434' title='bbox 1414 4411 1543 4470; x_wconf 90' lang='lat' dir='ltr'><strong>inimicis</strong></span> <span class='ocrx_word' id='word_1_435' title='bbox 1551 4413 1635 4483; x_wconf 89' lang='lat' dir='ltr'><strong>mets,</strong></span> <span class='ocrx_word' id='word_1_436' title='bbox 1650 4413 1826 4475; x_wconf 86' lang='lat' dir='ltr'><strong>Densmens,</strong></span> <span class='ocrx_word' id='word_1_437' title='bbox 1840 4399 1947 4480; x_wconf 73' lang='lat' dir='ltr'><strong>quorun</strong></span> 
     </span>
     <span class='ocr_line' id='line_1_48' title="bbox 1165 4495 1946 4570; baseline -0.018 -14"><span class='ocrx_word' id='word_1_438' title='bbox 1165 4495 1946 4570; x_wconf 77' lang='lat' dir='ltr'><strong>adtecontngibi*donecmetaccreroluntatemtnun·</strong></span> 
     </span>
     <span class='ocr_line' id='line_1_49' title="bbox 1165 4573 1948 4664; baseline -0.019 -20"><span class='ocrx_word' id='word_1_439' title='bbox 1165 4587 1238 4660; x_wconf 92' lang='lat' dir='ltr'><strong>quia</strong></span> <span class='ocrx_word' id='word_1_440' title='bbox 1252 4592 1285 4644; x_wconf 90' lang='lat' dir='ltr'><strong>tu</strong></span> <span class='ocrx_word' id='word_1_441' title='bbox 1296 4604 1328 4645; x_wconf 90' lang='lat' dir='ltr'><strong>es</strong></span> <span class='ocrx_word' id='word_1_442' title='bbox 1341 4591 1416 4647; x_wconf 87' lang='lat' dir='ltr'><strong>lleus</strong></span> <span class='ocrx_word' id='word_1_443' title='bbox 1429 4606 1524 4658; x_wconf 82' lang='lat' dir='ltr'><strong>meus.</strong></span> <span class='ocrx_word' id='word_1_444' title='bbox 1539 4590 1660 4664; x_wconf 90' lang='lat' dir='ltr'><strong>spiritns</strong></span> <span class='ocrx_word' id='word_1_445' title='bbox 1674 4595 1740 4648; x_wconf 87' lang='lat' dir='ltr'><strong>tuus</strong></span> <span class='ocrx_word' id='word_1_446' title='bbox 1750 4590 1842 4646; x_wconf 87' lang='lat' dir='ltr'><strong>bonus</strong></span> <span class='ocrx_word' id='word_1_447' title='bbox 1853 4573 1948 4638; x_wconf 82' lang='lat' dir='ltr'><strong>deducet</strong></span> 
     </span>
     <span class='ocr_line' id='line_1_50' title="bbox 1166 4675 1930 4756; baseline 0.012 -24"><span class='ocrx_word' id='word_1_448' title='bbox 1166 4685 1215 4733; x_wconf 90' lang='lat' dir='ltr'><strong>me</strong></span> <span class='ocrx_word' id='word_1_449' title='bbox 1230 4675 1260 4733; x_wconf 91' lang='lat' dir='ltr'><strong>in</strong></span> <span class='ocrx_word' id='word_1_450' title='bbox 1275 4677 1357 4736; x_wconf 88' lang='lat' dir='ltr'><strong>viam</strong></span> <span class='ocrx_word' id='word_1_451' title='bbox 1372 4683 1494 4736; x_wconf 82' lang='lat' dir='ltr'><strong>rectam</strong></span> <span class='ocrx_word' id='word_1_452' title='bbox 1927 4747 1930 4756; x_wconf 29' lang='lat'>¹</span> 
     </span>
     <span class='ocr_line' id='line_1_51' title="bbox 1201 4758 1944 4840; baseline -0.023 -20"><span class='ocrx_word' id='word_1_453' title='bbox 1201 4765 1324 4839; x_wconf 90' lang='lat' dir='ltr'><strong>Propter</strong></span> <span class='ocrx_word' id='word_1_454' title='bbox 1338 4779 1450 4824; x_wconf 89' lang='lat' dir='ltr'><strong>nomeu</strong></span> <span class='ocrx_word' id='word_1_455' title='bbox 1465 4771 1559 4824; x_wconf 88' lang='lat' dir='ltr'><strong>tuum.</strong></span> <span class='ocrx_word' id='word_1_456' title='bbox 1576 4767 1711 4840; x_wconf 87' lang='lat' dir='ltr'><strong>Domine,</strong></span> <span class='ocrx_word' id='word_1_457' title='bbox 1725 4758 1944 4822; x_wconf 84' lang='lat' dir='ltr'><strong>viviltcebismeu</strong></span> 
     </span>
     <span class='ocr_line' id='line_1_52' title="bbox 1165 4843 1944 4926; baseline -0.017 -17"><span class='ocrx_word' id='word_1_458' title='bbox 1165 4853 1304 4926; x_wconf 77' lang='lat' dir='ltr'><strong>aequitate</strong></span> <span class='ocrx_word' id='word_1_459' title='bbox 1319 4859 1372 4912; x_wconf 88' lang='lat' dir='ltr'><strong>tua</strong></span> <span class='ocrx_word' id='word_1_460' title='bbox 1387 4854 1402 4886; x_wconf 74' lang='lat'><em>*</em></span> <span class='ocrx_word' id='word_1_461' title='bbox 1416 4859 1445 4912; x_wconf 91' lang='lat' dir='ltr'><strong>ct</strong></span> <span class='ocrx_word' id='word_1_462' title='bbox 1458 4855 1568 4914; x_wconf 86' lang='lat' dir='ltr'><strong>educes</strong></span> <span class='ocrx_word' id='word_1_463' title='bbox 1594 4859 1628 4913; x_wconf 90' lang='lat' dir='ltr'><strong>de</strong></span> <span class='ocrx_word' id='word_1_464' title='bbox 1647 4855 1828 4914; x_wconf 88' lang='lat' dir='ltr'><strong>tribulatione</strong></span> <span class='ocrx_word' id='word_1_465' title='bbox 1845 4843 1944 4906; x_wconf 81' lang='lat' dir='ltr'><strong>aniam</strong></span> 
     </span>
     <span class='ocr_line' id='line_1_53' title="bbox 1165 4957 1277 5001; baseline 0 -3"><span class='ocrx_word' id='word_1_466' title='bbox 1165 4957 1277 5001; x_wconf 92' lang='lat' dir='ltr'><strong>meam.</strong></span> 
     </span>
     <span class='ocr_line' id='line_1_54' title="bbox 1200 5025 1943 5125; baseline -0.009 -37"><span class='ocrx_word' id='word_1_467' title='bbox 1200 5034 1233 5090; x_wconf 90' lang='lat' dir='ltr'><strong>Et</strong></span> <span class='ocrx_word' id='word_1_468' title='bbox 1244 5031 1275 5089; x_wconf 92' lang='lat' dir='ltr'><strong>in</strong></span> <span class='ocrx_word' id='word_1_469' title='bbox 1291 5031 1496 5092; x_wconf 88' lang='lat' dir='ltr'><strong>misericordia</strong></span> <span class='ocrx_word' id='word_1_470' title='bbox 1509 5037 1560 5092; x_wconf 90' lang='lat' dir='ltr'><strong>tuo</strong></span> <span class='ocrx_word' id='word_1_471' title='bbox 1578 5033 1733 5108; x_wconf 83' lang='lat' dir='ltr'><strong>disperdes</strong></span> <span class='ocrx_word' id='word_1_472' title='bbox 1748 5026 1873 5090; x_wconf 84' lang='lat' dir='ltr'><strong>inimicos</strong></span> <span class='ocrx_word' id='word_1_473' title='bbox 1886 5025 1943 5125; x_wconf 54' lang='lat' dir='ltr'><strong>mel}</strong></span> 
     </span>
     <span class='ocr_line' id='line_1_55' title="bbox 1164 5116 1923 5197; baseline -0.018 -20"><span class='ocrx_word' id='word_1_474' title='bbox 1164 5126 1191 5177; x_wconf 93' lang='lat' dir='ltr'><strong>et</strong></span> <span class='ocrx_word' id='word_1_475' title='bbox 1212 5121 1317 5194; x_wconf 89' lang='lat' dir='ltr'><strong>perdes</strong></span> <span class='ocrx_word' id='word_1_476' title='bbox 1336 5137 1452 5194; x_wconf 90' lang='lat' dir='ltr'><strong>omnes,</strong></span> <span class='ocrx_word' id='word_1_477' title='bbox 1467 5124 1520 5197; x_wconf 90' lang='lat' dir='ltr'><strong>qui</strong></span> <span class='ocrx_word' id='word_1_478' title='bbox 1540 5123 1682 5182; x_wconf 89' lang='lat' dir='ltr'><strong>tribulant</strong></span> <span class='ocrx_word' id='word_1_479' title='bbox 1705 5121 1832 5180; x_wconf 88' lang='lat' dir='ltr'><strong>animem</strong></span> <span class='ocrx_word' id='word_1_480' title='bbox 1845 5116 1923 5168; x_wconf 82' lang='lat' dir='ltr'><strong>mean</strong></span> 
     </span>
     <span class='ocr_line' id='line_1_56' title="bbox 656 5209 1666 5310; baseline 0.002 -44"><span class='ocrx_word' id='word_1_481' title='bbox 656 5256 732 5310; x_wconf 66' lang='lat' dir='ltr'><strong>cm</strong></span> <span class='ocrx_word' id='word_1_482' title='bbox 1164 5210 1309 5283; x_wconf 88' lang='lat' dir='ltr'><strong>quoniam</strong></span> <span class='ocrx_word' id='word_1_483' title='bbox 1320 5209 1425 5268; x_wconf 89' lang='lat' dir='ltr'><strong>serbus</strong></span> <span class='ocrx_word' id='word_1_484' title='bbox 1436 5215 1505 5270; x_wconf 89' lang='lat' dir='ltr'><strong>tuns</strong></span> <span class='ocrx_word' id='word_1_485' title='bbox 1518 5229 1585 5270; x_wconf 88' lang='lat' dir='ltr'><strong>sum</strong></span> <span class='ocrx_word' id='word_1_486' title='bbox 1600 5227 1666 5286; x_wconf 85' lang='lat' dir='ltr'><strong>ego.</strong></span> 
     </span>
    </p>
   </div>
   <div class='ocr_carea' id='block_1_9' title="bbox 285 5320 1940 5690">
    <p class='ocr_par' dir='ltr' id='par_1_19' title="bbox 285 5320 1940 5690">
     <span class='ocr_line' id='line_1_57' title="bbox 362 5320 1632 5419; baseline -0.007 -19"><span class='ocrx_word' id='word_1_487' title='bbox 362 5341 495 5401; x_wconf 83' lang='lat' dir='ltr'><strong>Eruditio</strong></span> <span class='ocrx_word' id='word_1_488' title='bbox 515 5342 609 5400; x_wconf 81' lang='lat' dir='ltr'><strong>llerid</strong></span> <span class='ocrx_word' id='word_1_489' title='bbox 624 5358 694 5400; x_wconf 91' lang='lat' dir='ltr'><strong>cum</strong></span> <span class='ocrx_word' id='word_1_490' title='bbox 707 5347 807 5400; x_wconf 91' lang='lat' dir='ltr'><strong>essent</strong></span> <span class='ocrx_word' id='word_1_491' title='bbox 823 5343 854 5400; x_wconf 92' lang='lat' dir='ltr'><strong>in</strong></span> <span class='ocrx_word' id='word_1_492' title='bbox 870 5343 1025 5419; x_wconf 88' lang='lat' dir='ltr'><strong>spelunca.</strong></span> <span class='ocrx_word' id='word_1_493' title='bbox 1523 5320 1632 5376; x_wconf 72' lang='lat' dir='ltr'><strong>Cfflll·</strong></span> 
     </span>
     <span class='ocr_line' id='line_1_58' title="bbox 380 5423 1699 5504; baseline -0.02 -2"><span class='ocrx_word' id='word_1_494' title='bbox 380 5435 489 5500; x_wconf 85' lang='lat' dir='ltr'><strong>Vocem,</strong></span> <span class='ocrx_word' id='word_1_495' title='bbox 500 5433 553 5504; x_wconf 60' lang='grc' dir='ltr'><strong>Μ’</strong></span> <span class='ocrx_word' id='word_1_496' title='bbox 565 5435 688 5502; x_wconf 68' lang='lat' dir='ltr'><strong>l&#39;i&#39;wtar</strong></span> <span class='ocrx_word' id='word_1_497' title='bbox 699 5431 790 5488; x_wconf 82' lang='lat' dir='ltr'><strong>Deum</strong></span> <span class='ocrx_word' id='word_1_498' title='bbox 802 5434 927 5504; x_wconf 80' lang='lat' dir='ltr'><strong>perlecti</strong></span> <span class='ocrx_word' id='word_1_499' title='bbox 939 5443 1018 5492; x_wconf 81' lang='lat' dir='ltr'><strong>sunt.</strong></span> <span class='ocrx_word' id='word_1_500' title='bbox 1446 5423 1584 5484; x_wconf 86' lang='lat' dir='ltr'><strong>Psalmns</strong></span> <span class='ocrx_word' id='word_1_501' title='bbox 1594 5423 1699 5484; x_wconf 86' lang='lat' dir='ltr'><strong>David.</strong></span> 
     </span>
     <span class='ocr_line' id='line_1_59' title="bbox 318 5517 1940 5604; baseline -0.008 -27"><span class='ocrx_word' id='word_1_502' title='bbox 318 5525 396 5580; x_wconf 76' lang='lat' dir='ltr'><strong>bna.</strong></span> <span class='ocrx_word' id='word_1_503' title='bbox 406 5522 570 5592; x_wconf 75' lang='lat' dir='ltr'><strong>Effundam</strong></span> <span class='ocrx_word' id='word_1_504' title='bbox 576 5522 608 5578; x_wconf 83' lang='lat' dir='ltr'><strong>ie</strong></span> <span class='ocrx_word' id='word_1_505' title='bbox 616 5527 765 5594; x_wconf 73' lang='lat' dir='ltr'><strong>conspecte</strong></span> <span class='ocrx_word' id='word_1_506' title='bbox 772 5520 828 5579; x_wconf 84' lang='lat' dir='ltr'><strong>Dei</strong></span> <span class='ocrx_word' id='word_1_507' title='bbox 831 5525 994 5602; x_wconf 77' lang='lat' dir='ltr'><strong>orationem</strong></span> <span class='ocrx_word' id='word_1_508' title='bbox 1001 5540 1107 5594; x_wconf 82' lang='lat' dir='ltr'><strong>meam,</strong></span> <span class='ocrx_word' id='word_1_509' title='bbox 1197 5529 1270 5586; x_wconf 79' lang='lat' dir='ltr'><strong>bna.</strong></span> <span class='ocrx_word' id='word_1_510' title='bbox 1284 5529 1491 5590; x_wconf 80' lang='lat' dir='ltr'><strong>Misericordia</strong></span> <span class='ocrx_word' id='word_1_511' title='bbox 1505 5548 1581 5604; x_wconf 81' lang='lat' dir='ltr'><strong>nica,</strong></span> <span class='ocrx_word' id='word_1_512' title='bbox 1602 5517 1785 5604; x_wconf 65' lang='lat' dir='ltr'><strong>strategium</strong></span> <span class='ocrx_word' id='word_1_513' title='bbox 1802 5517 1940 5584; x_wconf 68' lang='lat' dir='ltr'><strong>memerat-</strong></span> 
     </span>
     <span class='ocr_line' id='line_1_60' title="bbox 285 5609 1669 5690; baseline -0.013 4"><span class='ocrx_word' id='word_1_514' title='bbox 285 5609 507 5670; x_wconf 51' lang='lat' dir='ltr'><strong>mbumt&#39;mm</strong></span> <span class='ocrx_word' id='word_1_515' title='bbox 517 5624 612 5671; x_wconf 56' lang='lat' dir='ltr'><strong><em>meam</em></strong></span> <span class='ocrx_word' id='word_1_516' title='bbox 621 5615 693 5670; x_wconf 62' lang='lat'><em>0&#39;130</em></span> <span class='ocrx_word' id='word_1_517' title='bbox 704 5610 799 5684; x_wconf 83' lang='lat' dir='ltr'><strong>ipsam</strong></span> <span class='ocrx_word' id='word_1_518' title='bbox 812 5610 1024 5684; x_wconf 57' lang='lat' dir='ltr'><strong>dimmitt-</strong></span> <span class='ocrx_word' id='word_1_519' title='bbox 1161 5621 1565 5690; x_wconf 77' lang='lat' dir='ltr'><strong>cepeormeus‚ertiberoror</strong></span> <span class='ocrx_word' id='word_1_520' title='bbox 1581 5635 1669 5682; x_wconf 73' lang='lat' dir='ltr'><strong>oues.</strong></span> 
     </span>
    </p>
   </div>
   <div class='ocr_carea' id='block_1_10' title="bbox 1459 2214 1730 2273">
    <p class='ocr_par' dir='ltr' id='par_1_20' title="bbox 1459 2214 1730 2273">
     <span class='ocr_line' id='line_1_61' title="bbox 1459 2214 1730 2273; baseline -0.004 0"><span class='ocrx_word' id='word_1_521' title='bbox 1459 2214 1613 2273; x_wconf 88' lang='lat' dir='ltr'><strong>Canticum</strong></span> <span class='ocrx_word' id='word_1_522' title='bbox 1627 2216 1730 2273; x_wconf 80' lang='lat' dir='ltr'><strong>David.</strong></span> 
     </span>
    </p>
   </div>
   <div class='ocr_carea' id='block_1_11' title="bbox 1084 2438 1958 2533">
    <p class='ocr_par' dir='ltr' id='par_1_21' title="bbox 1084 2438 1958 2533">
     <span class='ocr_line' id='line_1_62' title="bbox 1084 2438 1958 2533; baseline -0.002 -19"><span class='ocrx_word' id='word_1_523' title='bbox 1084 2438 1127 2479; x_wconf 80' lang='lat'><strong>¹¹¹&#39;</strong></span> <span class='ocrx_word' id='word_1_524' title='bbox 1217 2460 1958 2533; x_wconf 68' lang='lat' dir='ltr'><strong>tinenteditomsocmibimoncmirericordiamlucra</strong></span> 
     </span>
    </p>
   </div>
   <div class='ocr_carea' id='block_1_12' title="bbox 285 3571 1121 5230">
    <p class='ocr_par' dir='ltr' id='par_1_22' title="bbox 297 3571 1121 3720">
     <span class='ocr_line' id='line_1_63' title="bbox 299 3571 1121 3631; baseline 0.005 -5"><span class='ocrx_word' id='word_1_525' title='bbox 299 3572 475 3628; x_wconf 81' lang='lat' dir='ltr'><strong>cunstautioe</strong></span> <span class='ocrx_word' id='word_1_526' title='bbox 486 3572 575 3630; x_wconf 88' lang='lat' dir='ltr'><strong>labiis</strong></span> <span class='ocrx_word' id='word_1_527' title='bbox 587 3573 662 3631; x_wconf 89' lang='lat' dir='ltr'><strong>meis</strong></span> <span class='ocrx_word' id='word_1_528' title='bbox 676 3575 684 3591; x_wconf 87' lang='grc'><em>“</em></span> <span class='ocrx_word' id='word_1_529' title='bbox 699 3579 731 3630; x_wconf 92' lang='lat' dir='ltr'><strong>ut</strong></span> <span class='ocrx_word' id='word_1_530' title='bbox 745 3587 806 3630; x_wconf 95' lang='lat' dir='ltr'><strong>non</strong></span> <span class='ocrx_word' id='word_1_531' title='bbox 821 3571 948 3630; x_wconf 90' lang='lat' dir='ltr'><strong>declinet</strong></span> <span class='ocrx_word' id='word_1_532' title='bbox 959 3588 1012 3630; x_wconf 91' lang='lat' dir='ltr'><strong>cor</strong></span> <span class='ocrx_word' id='word_1_533' title='bbox 1022 3589 1121 3630; x_wconf 86' lang='lat' dir='ltr'><strong>meum</strong></span> 
     </span>
     <span class='ocr_line' id='line_1_64' title="bbox 297 3656 597 3720; baseline 0.023 -7"><span class='ocrx_word' id='word_1_534' title='bbox 297 3656 330 3714; x_wconf 93' lang='lat' dir='ltr'><strong>in</strong></span> <span class='ocrx_word' id='word_1_535' title='bbox 342 3659 463 3716; x_wconf 86' lang='lat' dir='ltr'><strong>verbum</strong></span> <span class='ocrx_word' id='word_1_536' title='bbox 474 3661 597 3720; x_wconf 75' lang='lat' dir='ltr'><strong>malm.</strong></span> 
     </span>
    </p>

    <p class='ocr_par' dir='ltr' id='par_1_23' title="bbox 295 3745 1119 3982">
     <span class='ocr_line' id='line_1_65' title="bbox 331 3745 1119 3823; baseline 0.009 -22"><span class='ocrx_word' id='word_1_537' title='bbox 331 3745 375 3802; x_wconf 78' lang='lat' dir='ltr'><strong>Ad</strong></span> <span class='ocrx_word' id='word_1_538' title='bbox 391 3749 578 3808; x_wconf 88' lang='lat' dir='ltr'><strong>excusandas</strong></span> <span class='ocrx_word' id='word_1_539' title='bbox 590 3751 798 3808; x_wconf 89' lang='lat' dir='ltr'><strong>excusationes</strong></span> <span class='ocrx_word' id='word_1_540' title='bbox 807 3750 837 3808; x_wconf 92' lang='lat' dir='ltr'><strong>in</strong></span> <span class='ocrx_word' id='word_1_541' title='bbox 845 3748 977 3823; x_wconf 86' lang='lat' dir='ltr'><strong>pcccatis</strong></span> <span class='ocrx_word' id='word_1_542' title='bbox 985 3767 1055 3808; x_wconf 89' lang='lat' dir='ltr'><strong>cum</strong></span> <span class='ocrx_word' id='word_1_543' title='bbox 1067 3750 1119 3808; x_wconf 92' lang='lat' dir='ltr'><strong>bo·</strong></span> 
     </span>
     <span class='ocr_line' id='line_1_66' title="bbox 296 3833 1118 3912; baseline 0.01 -23"><span class='ocrx_word' id='word_1_544' title='bbox 296 3833 428 3892; x_wconf 88' lang='lat' dir='ltr'><strong>minibus</strong></span> <span class='ocrx_word' id='word_1_545' title='bbox 437 3837 631 3909; x_wconf 92' lang='lat' dir='ltr'><strong>operantibus</strong></span> <span class='ocrx_word' id='word_1_546' title='bbox 643 3838 830 3912; x_wconf 87' lang='lat' dir='ltr'><strong>iniquitatem</strong></span> <span class='ocrx_word' id='word_1_547' title='bbox 843 3848 858 3881; x_wconf 68' lang='lat' dir='ltr'><strong>s</strong></span> <span class='ocrx_word' id='word_1_548' title='bbox 869 3843 898 3896; x_wconf 91' lang='lat' dir='ltr'><strong>et</strong></span> <span class='ocrx_word' id='word_1_549' title='bbox 907 3855 969 3897; x_wconf 90' lang='lat' dir='ltr'><strong>non</strong></span> <span class='ocrx_word' id='word_1_550' title='bbox 985 3855 1118 3898; x_wconf 89' lang='lat' dir='ltr'><strong>commu-</strong></span> 
     </span>
     <span class='ocr_line' id='line_1_67' title="bbox 295 3920 743 3982; baseline 0.009 -6"><span class='ocrx_word' id='word_1_551' title='bbox 295 3920 420 3978; x_wconf 86' lang='lat' dir='ltr'><strong>nicabor</strong></span> <span class='ocrx_word' id='word_1_552' title='bbox 435 3937 504 3978; x_wconf 89' lang='lat' dir='ltr'><strong>cum</strong></span> <span class='ocrx_word' id='word_1_553' title='bbox 518 3922 616 3981; x_wconf 89' lang='lat' dir='ltr'><strong>electis</strong></span> <span class='ocrx_word' id='word_1_554' title='bbox 630 3939 743 3982; x_wconf 88' lang='lat' dir='ltr'><strong>eorum.</strong></span> 
     </span>
    </p>

    <p class='ocr_par' dir='ltr' id='par_1_24' title="bbox 292 4009 1119 4246">
     <span class='ocr_line' id='line_1_68' title="bbox 330 4009 1119 4090; baseline 0.006 -22"><span class='ocrx_word' id='word_1_555' title='bbox 330 4009 476 4084; x_wconf 88' lang='lat' dir='ltr'><strong>Corripiet</strong></span> <span class='ocrx_word' id='word_1_556' title='bbox 488 4012 640 4070; x_wconf 87' lang='lat' dir='ltr'><strong>maiustus</strong></span> <span class='ocrx_word' id='word_1_557' title='bbox 648 4013 679 4070; x_wconf 94' lang='lat' dir='ltr'><strong>in</strong></span> <span class='ocrx_word' id='word_1_558' title='bbox 690 4012 903 4080; x_wconf 84' lang='lat' dir='ltr'><strong>misericordia.</strong></span> <span class='ocrx_word' id='word_1_559' title='bbox 915 4018 944 4072; x_wconf 88' lang='lat' dir='ltr'><strong>ct</strong></span> <span class='ocrx_word' id='word_1_560' title='bbox 953 4015 1119 4090; x_wconf 89' lang='lat' dir='ltr'><strong>increpabit</strong></span> 
     </span>
     <span class='ocr_line' id='line_1_69' title="bbox 293 4099 1117 4178; baseline 0.012 -24"><span class='ocrx_word' id='word_1_561' title='bbox 293 4100 370 4154; x_wconf 74' lang='lat' dir='ltr'><strong>met</strong></span> <span class='ocrx_word' id='word_1_562' title='bbox 385 4099 451 4156; x_wconf 88' lang='lat' dir='ltr'><strong>oleo</strong></span> <span class='ocrx_word' id='word_1_563' title='bbox 465 4104 565 4158; x_wconf 90' lang='lat' dir='ltr'><strong>autem</strong></span> <span class='ocrx_word' id='word_1_564' title='bbox 579 4101 744 4174; x_wconf 85' lang='lat' dir='ltr'><strong>peccatoris</strong></span> <span class='ocrx_word' id='word_1_565' title='bbox 765 4117 827 4159; x_wconf 93' lang='lat' dir='ltr'><strong>non</strong></span> <span class='ocrx_word' id='word_1_566' title='bbox 842 4102 1007 4175; x_wconf 88' lang='lat' dir='ltr'><strong>impinguet</strong></span> <span class='ocrx_word' id='word_1_567' title='bbox 1027 4111 1117 4178; x_wconf 87' lang='lat' dir='ltr'><strong>caput</strong></span> 
     </span>
     <span class='ocr_line' id='line_1_70' title="bbox 292 4201 407 4246; baseline 0.035 -4"><span class='ocrx_word' id='word_1_568' title='bbox 292 4201 407 4246; x_wconf 89' lang='lat' dir='ltr'><strong>meum.</strong></span> 
     </span>
    </p>

    <p class='ocr_par' dir='ltr' id='par_1_25' title="bbox 289 4274 1115 4530">
     <span class='ocr_line' id='line_1_71' title="bbox 328 4274 1115 4353; baseline 0.006 -22"><span class='ocrx_word' id='word_1_569' title='bbox 328 4274 477 4341; x_wconf 79' lang='lat' dir='ltr'><strong>Quoniam</strong></span> <span class='ocrx_word' id='word_1_570' title='bbox 498 4276 597 4334; x_wconf 90' lang='lat' dir='ltr'><strong>adhuc</strong></span> <span class='ocrx_word' id='word_1_571' title='bbox 625 4279 654 4334; x_wconf 92' lang='lat' dir='ltr'><strong>et</strong></span> <span class='ocrx_word' id='word_1_572' title='bbox 668 4277 763 4334; x_wconf 88' lang='lat' dir='ltr'><strong>oratio</strong></span> <span class='ocrx_word' id='word_1_573' title='bbox 778 4293 847 4334; x_wconf 90' lang='lat' dir='ltr'><strong>mea</strong></span> <span class='ocrx_word' id='word_1_574' title='bbox 868 4278 900 4334; x_wconf 92' lang='lat' dir='ltr'><strong>in</strong></span> <span class='ocrx_word' id='word_1_575' title='bbox 920 4277 1115 4353; x_wconf 88' lang='lat' dir='ltr'><strong>beneplacitis</strong></span> 
     </span>
     <span class='ocr_line' id='line_1_72' title="bbox 291 4367 1112 4440; baseline 0.011 -20"><span class='ocrx_word' id='word_1_576' title='bbox 291 4378 407 4437; x_wconf 88' lang='lat' dir='ltr'><strong>eorum,</strong></span> <span class='ocrx_word' id='word_1_577' title='bbox 423 4367 534 4425; x_wconf 88' lang='lat' dir='ltr'><strong>absorti</strong></span> <span class='ocrx_word' id='word_1_578' title='bbox 550 4371 619 4423; x_wconf 90' lang='lat' dir='ltr'><strong>sunt</strong></span> <span class='ocrx_word' id='word_1_579' title='bbox 633 4367 797 4423; x_wconf 88' lang='lat' dir='ltr'><strong>continuati</strong></span> <span class='ocrx_word' id='word_1_580' title='bbox 810 4372 900 4440; x_wconf 80' lang='lat' dir='ltr'><strong>petra</strong></span> <span class='ocrx_word' id='word_1_581' title='bbox 926 4368 1040 4427; x_wconf 90' lang='lat' dir='ltr'><strong>indices</strong></span> <span class='ocrx_word' id='word_1_582' title='bbox 1064 4386 1112 4428; x_wconf 88' lang='lat' dir='ltr'><strong>eo·</strong></span> 
     </span>
     <span class='ocr_line' id='line_1_73' title="bbox 289 4453 1112 4530; baseline 0.007 -22"><span class='ocrx_word' id='word_1_583' title='bbox 289 4465 358 4509; x_wconf 89' lang='lat' dir='ltr'><strong>rum</strong></span> <span class='ocrx_word' id='word_1_584' title='bbox 372 4453 388 4486; x_wconf 78' lang='lat'><strong>&#39;¹</strong></span> <span class='ocrx_word' id='word_1_585' title='bbox 401 4455 561 4512; x_wconf 85' lang='lat' dir='ltr'><strong>audierunt</strong></span> <span class='ocrx_word' id='word_1_586' title='bbox 586 4453 676 4512; x_wconf 84' lang='lat' dir='ltr'><strong>verbe</strong></span> <span class='ocrx_word' id='word_1_587' title='bbox 693 4469 773 4528; x_wconf 85' lang='lat' dir='ltr'><strong>mee,</strong></span> <span class='ocrx_word' id='word_1_588' title='bbox 787 4455 927 4529; x_wconf 89' lang='lat' dir='ltr'><strong>quoniam</strong></span> <span class='ocrx_word' id='word_1_589' title='bbox 942 4463 1112 4530; x_wconf 85' lang='lat' dir='ltr'><strong>potuerunt.</strong></span> 
     </span>
    </p>

    <p class='ocr_par' dir='ltr' id='par_1_26' title="bbox 289 4541 1114 4703">
     <span class='ocr_line' id='line_1_74' title="bbox 325 4541 1114 4619; baseline 0.008 -21"><span class='ocrx_word' id='word_1_590' title='bbox 325 4541 405 4600; x_wconf 88' lang='lat' dir='ltr'><strong>Sicut</strong></span> <span class='ocrx_word' id='word_1_591' title='bbox 428 4544 595 4602; x_wconf 88' lang='lat' dir='ltr'><strong>crassitudo</strong></span> <span class='ocrx_word' id='word_1_592' title='bbox 614 4549 699 4601; x_wconf 77' lang='lat' dir='ltr'><strong>terrae</strong></span> <span class='ocrx_word' id='word_1_593' title='bbox 713 4550 849 4604; x_wconf 89' lang='lat' dir='ltr'><strong>eructuat</strong></span> <span class='ocrx_word' id='word_1_594' title='bbox 872 4561 963 4619; x_wconf 90' lang='lat' dir='ltr'><strong>super</strong></span> <span class='ocrx_word' id='word_1_595' title='bbox 981 4550 1114 4606; x_wconf 89' lang='lat' dir='ltr'><strong>terram&#39;</strong></span> 
     </span>
     <span class='ocr_line' id='line_1_75' title="bbox 289 4628 1010 4703; baseline 0.003 -17"><span class='ocrx_word' id='word_1_596' title='bbox 289 4628 434 4703; x_wconf 88' lang='lat' dir='ltr'><strong>dissipata</strong></span> <span class='ocrx_word' id='word_1_597' title='bbox 449 4637 519 4690; x_wconf 89' lang='lat' dir='ltr'><strong>sunt</strong></span> <span class='ocrx_word' id='word_1_598' title='bbox 537 4649 607 4691; x_wconf 90' lang='lat' dir='ltr'><strong>ossa</strong></span> <span class='ocrx_word' id='word_1_599' title='bbox 620 4637 724 4691; x_wconf 88' lang='lat' dir='ltr'><strong>nostra</strong></span> <span class='ocrx_word' id='word_1_600' title='bbox 738 4650 825 4692; x_wconf 90' lang='lat' dir='ltr'><strong>secus</strong></span> <span class='ocrx_word' id='word_1_601' title='bbox 839 4633 988 4692; x_wconf 87' lang='lat' dir='ltr'><strong>internum</strong></span> <span class='ocrx_word' id='word_1_602' title='bbox 1003 4653 1010 4688; x_wconf 74' lang='grc' dir='ltr'><strong><em>ε</em></strong></span> 
     </span>
    </p>

    <p class='ocr_par' dir='ltr' id='par_1_27' title="bbox 287 4719 1112 4878">
     <span class='ocr_line' id='line_1_76' title="bbox 325 4719 1112 4797; baseline 0.008 -21"><span class='ocrx_word' id='word_1_603' title='bbox 325 4719 400 4786; x_wconf 85' lang='lat' dir='ltr'><strong>Quia</strong></span> <span class='ocrx_word' id='word_1_604' title='bbox 415 4721 455 4778; x_wconf 94' lang='lat' dir='ltr'><strong>ad</strong></span> <span class='ocrx_word' id='word_1_605' title='bbox 470 4725 497 4778; x_wconf 93' lang='lat' dir='ltr'><strong>te</strong></span> <span class='ocrx_word' id='word_1_606' title='bbox 511 4721 635 4780; x_wconf 87' lang='lat' dir='ltr'><strong>Domine</strong></span> <span class='ocrx_word' id='word_1_607' title='bbox 648 4722 772 4780; x_wconf 84' lang='lat' dir='ltr'><strong>Domine</strong></span> <span class='ocrx_word' id='word_1_608' title='bbox 785 4721 863 4780; x_wconf 91' lang='lat' dir='ltr'><strong>oculi</strong></span> <span class='ocrx_word' id='word_1_609' title='bbox 875 4724 936 4780; x_wconf 90' lang='lat' dir='ltr'><strong>mei</strong></span> <span class='ocrx_word' id='word_1_610' title='bbox 949 4724 997 4781; x_wconf 83' lang='lat' dir='ltr'><strong>’in</strong></span> <span class='ocrx_word' id='word_1_611' title='bbox 1008 4728 1036 4782; x_wconf 89' lang='lat' dir='ltr'><strong>te</strong></span> <span class='ocrx_word' id='word_1_612' title='bbox 1047 4740 1112 4797; x_wconf 88' lang='lat' dir='ltr'><strong>spe·</strong></span> 
     </span>
     <span class='ocr_line' id='line_1_77' title="bbox 287 4806 819 4878; baseline 0.008 -14"><span class='ocrx_word' id='word_1_613' title='bbox 287 4806 363 4878; x_wconf 86' lang='lat' dir='ltr'><strong>rabi,</strong></span> <span class='ocrx_word' id='word_1_614' title='bbox 379 4824 417 4866; x_wconf 93' lang='lat' dir='ltr'><strong>ne</strong></span> <span class='ocrx_word' id='word_1_615' title='bbox 429 4809 549 4869; x_wconf 85' lang='lat' dir='ltr'><strong>auteres</strong></span> <span class='ocrx_word' id='word_1_616' title='bbox 563 4810 698 4868; x_wconf 90' lang='lat' dir='ltr'><strong>animam</strong></span> <span class='ocrx_word' id='word_1_617' title='bbox 708 4827 819 4868; x_wconf 85' lang='lat' dir='ltr'><strong>meam.</strong></span> 
     </span>
    </p>

    <p class='ocr_par' dir='ltr' id='par_1_28' title="bbox 285 4892 1115 5063">
     <span class='ocr_line' id='line_1_78' title="bbox 320 4892 1115 4974; baseline 0.01 -23"><span class='ocrx_word' id='word_1_618' title='bbox 320 4892 402 4970; x_wconf 82' lang='lat' dir='ltr'><strong>[axii]</strong></span> <span class='ocrx_word' id='word_1_619' title='bbox 427 4897 549 4958; x_wconf 86' lang='lat' dir='ltr'><strong>Custodi</strong></span> <span class='ocrx_word' id='word_1_620' title='bbox 574 4915 654 4958; x_wconf 91' lang='lat' dir='ltr'><strong>mea</strong></span> <span class='ocrx_word' id='word_1_621' title='bbox 681 4899 797 4973; x_wconf 91' lang='lat' dir='ltr'><strong>laqueo,</strong></span> <span class='ocrx_word' id='word_1_622' title='bbox 818 4916 910 4974; x_wconf 90' lang='lat' dir='ltr'><strong>quem</strong></span> <span class='ocrx_word' id='word_1_623' title='bbox 933 4905 1115 4959; x_wconf 87' lang='lat' dir='ltr'><strong>stratucrunt</strong></span> 
     </span>
     <span class='ocr_line' id='line_1_79' title="bbox 285 4983 1056 5063; baseline 0.006 -23"><span class='ocrx_word' id='word_1_624' title='bbox 285 4983 379 5041; x_wconf 79' lang='lat' dir='ltr'><strong>mibi·</strong></span> <span class='ocrx_word' id='word_1_625' title='bbox 394 4991 423 5043; x_wconf 89' lang='lat' dir='ltr'><strong>et</strong></span> <span class='ocrx_word' id='word_1_626' title='bbox 432 4988 472 5045; x_wconf 87' lang='lat' dir='ltr'><strong>ad</strong></span> <span class='ocrx_word' id='word_1_627' title='bbox 484 4989 636 5048; x_wconf 81' lang='lat' dir='ltr'><strong>scandalis</strong></span> <span class='ocrx_word' id='word_1_628' title='bbox 651 4989 848 5063; x_wconf 87' lang='lat' dir='ltr'><strong>operantibus</strong></span> <span class='ocrx_word' id='word_1_629' title='bbox 860 4989 1056 5063; x_wconf 89' lang='lat' dir='ltr'><strong>iniquitatem.</strong></span> 
     </span>
    </p>

    <p class='ocr_par' dir='ltr' id='par_1_29' title="bbox 285 5073 1111 5230">
     <span class='ocr_line' id='line_1_80' title="bbox 321 5073 1111 5152; baseline 0.01 -23"><span class='ocrx_word' id='word_1_630' title='bbox 321 5073 472 5132; x_wconf 83' lang='lat' dir='ltr'><strong>cadentia</strong></span> <span class='ocrx_word' id='word_1_631' title='bbox 481 5078 557 5136; x_wconf 88' lang='lat' dir='ltr'><strong>retia</strong></span> <span class='ocrx_word' id='word_1_632' title='bbox 567 5078 632 5136; x_wconf 84' lang='lat' dir='ltr'><strong>ciue</strong></span> <span class='ocrx_word' id='word_1_633' title='bbox 640 5079 828 5152; x_wconf 80' lang='lat' dir='ltr'><strong>peccatores·</strong></span> <span class='ocrx_word' id='word_1_634' title='bbox 840 5077 1029 5148; x_wconf 88' lang='lat' dir='ltr'><strong>singulariter</strong></span> <span class='ocrx_word' id='word_1_635' title='bbox 1043 5095 1111 5137; x_wconf 93' lang='lat' dir='ltr'><strong>sum</strong></span> 
     </span>
     <span class='ocr_line' id='line_1_81' title="bbox 285 5161 639 5230; baseline 0.025 -15"><span class='ocrx_word' id='word_1_636' title='bbox 285 5174 350 5230; x_wconf 88' lang='lat' dir='ltr'><strong>ego,</strong></span> <span class='ocrx_word' id='word_1_637' title='bbox 367 5161 460 5221; x_wconf 88' lang='lat' dir='ltr'><strong>donec</strong></span> <span class='ocrx_word' id='word_1_638' title='bbox 476 5169 639 5224; x_wconf 90' lang='lat' dir='ltr'><strong>transeam.</strong></span> 
     </span>
    </p>
   </div>
   <div class='ocr_carea' id='block_1_13' title="bbox 0 0 2064 6175">
    <p class='ocr_par' dir='ltr' id='par_1_30' title="bbox 0 0 2064 6175">
     <span class='ocr_line' id='line_1_82' title="bbox 0 0 2064 6175; baseline 0 0"><span class='ocrx_word' id='word_1_639' title='bbox 0 0 2064 6175; x_wconf 95' lang='lat' dir='ltr'><strong> </strong></span> 
     </span>
    </p>
   </div>
  </div>
 </body>
</html>
