4117 6175
142 222 211 280 ll53
726 218 970 279 samurensis.

179 346 325 405 Dominus
339 346 388 402 sit.
399 357 433 418 p.
453 346 583 403 Etcum.

178 432 969 510 antiphonaeenedietatuneonussimopreomni-

143 522 970 597 busmulieribus.P.Propterhoenondiscedetlaustna

145 614 185 673 ab
199 628 249 671 ore
261 612 420 671 hominnm
431 614 566 687 usquein
580 613 734 671 saeculum.
744 612 778 676 rt.
801 618 865 673 lton
877 614 928 673 det
938 616 969 672 in

144 701 969 777 commotionempedemtuumrnequeohdormietquieus-

143 792 219 851 todit
243 796 281 849 te.
296 792 327 847 P.
342 794 469 864 Propter.
482 791 515 853 ll.
526 790 624 849 Gloria
636 792 779 850 ethonor.
790 794 822 848 P.
835 792 966 866 Propter.

180 880 325 938 Dominus
337 878 383 935 sit.
400 891 432 951 ip.
449 880 483 936 Et
510 893 590 937 enm.

178 968 366 1039 Antiphone.
377 968 778 1028 Hierusalemcivitassaneta
789 973 968 1028 ornamento

142 1060 233 1115 suste
245 1057 395 1124 decorate,
406 1057 438 1112 P.
451 1058 542 1128 Cuius
560 1056 968 1130 plateseresonantlandesde

142 1147 191 1204 die
206 1146 237 1203 in
265 1146 355 1203 diem.
370 1144 400 1207 i.
417 1144 550 1202 Gloriosa
573 1144 652 1203 dicta
672 1152 740 1204 sunt
759 1148 797 1205 de
812 1150 849 1219 te,
865 1147 969 1204 civitas

143 1235 205 1293 Dei.
222 1234 256 1291 P.
269 1234 372 1306 Cujus.
384 1235 418 1296 t.
434 1234 540 1304 Gloria,
552 1240 580 1292 et
598 1235 705 1293 honor.
721 1238 757 1293 P.
778 1237 878 1309 Cujus.

180 1324 326 1381 Dominus
346 1324 393 1382 sit.
408 1335 440 1389 u.
457 1325 586 1382 Etcum.

179 1413 294 1471 Laude
305 1411 441 1469 Alleluia.
452 1412 553 1468 Gaude
563 1410 624 1469 filia
636 1412 706 1471 Sion
721 1414 840 1472 :latare
852 1420 881 1473 et
890 1416 971 1473 exul·

146 1506 176 1560 ta
185 1501 306 1558 inomni
318 1500 407 1557 corde
415 1499 476 1557 fllia
489 1500 672 1559 Hierusalem
684 1504 732 1559 :P.
747 1504 897 1571 Quoniam
905 1506 972 1565 abs-

145 1590 210 1648 tulit
222 1588 359 1646 inimicos
372 1589 591 1646 tuosrexlsrael
602 1592 754 1648 [lominus.
769 1593 891 1653 alleluia
903 1597 973 1655 alls·

143 1680 217 1738 luia.
243 1678 276 1739 r.
293 1679 394 1736 Lenda
413 1678 595 1736 Hierusalem
612 1680 773 1740 Dominum
796 1699 803 1740 ι
821 1685 1007 1752 conlaudnss

144 1770 328 1825 ltenmtnum
343 1767 425 1825 Sion.
441 1767 473 1823 P.
486 1768 633 1833 Quoniam
642 1769 772 1829 abstulit.
798 1772 830 1833 r.
861 1774 967 1847 Gloria,

145 1862 174 1915 et
188 1856 294 1915 honor.
307 1858 345 1916 P.
354 1857 514 1924 Quoniam.

483 1947 630 2018 Hymnus.

317 2033 450 2106 ¹llirginis
462 2050 554 2093 sacrm
563 2034 752 2111 triumphum

289 2122 374 2181 Plebs
391 2122 516 2182 alumna
530 2124 616 2197 parili

290 2212 440 2269 Goncmnn
453 2214 543 2270 iusta
560 2213 670 2271 coelesti

289 2302 427 2357 Paratum
444 2316 480 2358 ex
495 2301 598 2372 gratia,

289 2386 427 2452 Resonet,
447 2388 564 2461 piisque
579 2388 688 2454 modis,

291 2475 384 2534 almis
399 2476 512 2548 pandat
521 2476 669 2533 cantibus.

328 2563 426 2621 cliens
440 2580 477 2622 ex
492 2571 529 2631 te,
546 2564 669 2633 Christe,
686 2570 779 2624 eoetus

291 2652 380 2711 Addit
395 2658 465 2711 vota
476 2653 619 2711 dedicans

290 2743 437 2817 liar-tyris,
453 2748 485 2801 ut
498 2758 585 2818 prece
598 2748 691 2817 queat

290 2832 429 2905 Propriis,
451 2835 484 2889 ut
493 2832 620 2904 piaculis

289 2921 449 2980 llorrendis
465 2937 583 2996 semper
595 2936 705 2987 carere,

289 3009 416 3068 liunitus
430 3008 590 3080 suffragiis.

291 3101 358 3156 llaec
371 3114 453 3172 serpe
464 3098 626 3170 mundum,
636 3100 813 3176 hostemque

292 3187 367 3244 l'ieit
384 3187 474 3244 simul
484 3186 613 3262 impium
629 3204 635 3245 :

296 3275 336 3333 Te
347 3275 447 3333 cordis
459 3290 562 3334 amore
579 3292 709 3350 sequens

295 3367 412 3423 l'etrum
429 3365 524 3422 calcat
536 3365 669 3423 Zabulon
684 3383 690 3422 ι

296 3453 426 3511 Gemella
438 3458 518 3512 serta
530 3469 642 3512 corona

297 3542 379 3599 Coelo
389 3542 482 3616 pollet
498 3542 653 3616 perpetim.

332 3631 426 3702 liuius
439 3631 570 3689 incolatu
578 3631 676 3704 magis

297 3720 364 3777 lime
379 3735 443 3777 sors
454 3720 544 3778 claret
555 3719 695 3778 occidens

296 3807 440 3866 Recinens
458 3823 577 3882 semper
597 3809 784 3884 triumphum

296 3897 641 3970 Locisproesletcesieris;

297 3985 410 4059 Cespite
425 4001 544 4044 sacrum
559 4001 697 4044 eruorem

297 4073 677 4132 Coeloarrhamvindieans.

334 4162 485 4237 intrepida
502 4166 562 4222 Deo
582 4179 662 4238 saepe

274 4295 280 4306 .
300 4251 472 4318 Famulans,
484 4251 664 4309 comminuit

302 4340 422 4398 Tenacis
433 4340 599 4414 mundique
612 4340 714 4406 vitam,

304 4427 504 4486 Simulacrum
516 4428 709 4502 prophanum
725 4447 732 4499 ;

302 4515 383 4575 lllieo
395 4517 483 4589 liegis
499 4516 682 4574 tremendam

302 4603 416 4664 Patitur
426 4607 610 4663 sententium.

337 4694 431 4752 Variis
446 4693 558 4752 aillieta
574 4695 683 4768 poenis,

302 4784 404 4841 lientis
418 4784 519 4840 calens
533 4781 655 4854 ignibus
674 4800 682 4851 ;

302 4871 407 4929 Gladio
421 4872 563 4929 conlossa
578 4872 684 4940 hostis,

302 4959 382 5018 coeto
396 4960 638 5034 redditspiritnm
655 4981 661 5020 :

306 5049 379 5106 ilinc
397 5050 464 5107 loeo
475 5054 728 5122 mutatnreorpus

302 5137 411 5195 Vivens
426 5139 486 5196 Deo
496 5137 652 5212 perpetim.

341 5227 439 5285 Sacris
456 5227 611 5299 Virginem
623 5227 763 5300 supernis

303 5315 405 5372 hceita
423 5317 591 5385 consortiis,

308 5404 461 5478 Sanguine
475 5405 640 5463 contemnit
658 5407 789 5478 hostem,

310 5494 404 5551 llente
423 5492 495 5552 vicit
513 5493 671 5558 Zabulon:
731 5523 732 5526 ι

983 349 1007 404 Α

988 3041 1009 3099 C

989 253 1025 266 -
1046 216 1274 287 crisseium.

1167 353 1292 411 Gemina
1302 355 1430 428 proinde
1440 357 1513 416 eluit

1167 443 1311 499 Laurente
1324 442 1429 514 gloria.

1202 534 1268 588 lime
1283 548 1414 605 superno
1427 535 1483 593 soli
1502 539 1573 610 llegi

1166 621 1276 688 ovans,
1289 621 1333 678 sie
1344 624 1495 698 perpetuis

1166 709 1348 780 Angelorum
1361 714 1451 771 mixta
1462 714 1574 783 choris,

1165 800 1276 855 Novum
1288 800 1393 873 pangit
1406 803 1570 862 canticum:

1165 885 1340 960 lhiumphat
1349 891 1443 963 potita
1457 906 1550 962 regno

1167 970 1361 1048 S‘empiternee
1380 979 1491 1051 glorie.

1202 1064 1274 1122 inde
1286 1069 1389 1124 cernui
1402 1085 1567 1142 precamur.

1167 1151 1230 1211 Rex
1245 1156 1362 1224 Serene,
1377 1158 1497 1226 servuli,

1168 1244 1202 1298 iit
1214 1243 1303 1300 simul
1314 1246 1497 1317 piaculorum

1168 1331 1333 1389 Pandentes
1347 1333 1500 1402 facinora;

1167 1419 1234 1475 lam
1245 1419 1369 1477 medelis
1382 1421 1447 1480 love
1467 1424 1559 1493 Pater,

1169 1507 1248 1571 Quos
1261 1511 1420 1568 trementes
1434 1512 1597 1588 conspicis.

1205 1598 1393 1670 liujuseaero
1411 1602 1572 1674 impetratu

1169 1687 1260 1759 'large
1275 1695 1377 1745 nostra
1391 1690 1524 1758 crimina,

1170 1774 1322 1832 Scelerum
1334 1776 1428 1834 nodos
1438 1779 1556 1837 resolve
1571 1799 1581 1852 ;

1168 1862 1212 1922 Da
1230 1863 1377 1923 formenta
1396 1868 1513 1937 gratim

1165 1952 1200 2009 lit
1217 1955 1317 2010 tecum
1331 1970 1450 2028 semper
1459 1956 1569 2014 victuri

1169 2039 1339 2098 Gloriemur
1350 2042 1432 2114 hgie.

1204 2127 1281 2185 Pelle
1291 2129 1378 2198 iram,
1393 2146 1461 2188 arce
1474 2135 1592 2204 pestem

1171 2217 1316 2273 anostris
1327 2218 1499 2276 confinibus
1513 2239 1520 2280 ε

1168 2302 1307 2361 Gladium
1321 2305 1415 2361 hostis
1426 2306 1551 2365 retunde

1170 2392 1264 2462 liujus
1277 2407 1365 2466 prece
1379 2394 1512 2467 Martyris
1526 2410 1534 2462 ;

1169 2482 1203 2535 ttt
1216 2496 1379 2549 supernam
1398 2484 1657 2557 praestaquietem,

1169 2568 1237 2625 'l'nis
1250 2569 1363 2626 Christe
1377 2568 1511 2629 lamulis.

1207 2656 1337 2713 Gloriam
1347 2658 1427 2716 Patri
1442 2674 1599 2725 canamus,

1171 2744 1348 2819 Christoque
1359 2750 1518 2821 perpetuo;

1173 2831 1269 2889 litium
1282 2847 1351 2890 eum
1363 2834 1474 2891 Sancto
1488 2834 1576 2891 simul

1171 2920 1333 2996 Utriusque
1346 2921 1473 2996 Spiritu:

1173 3010 1230 3077 Qui
1242 3010 1321 3068 Deus
1333 3028 1413 3069 unns
1427 3018 1558 3071 reternus

1171 3103 1288 3172 Regnat
1301 3106 1370 3160 ante
1389 3102 1509 3160 secuta.

1242 3191 1346 3248 Amen.

1066 3279 1523 3350 snpplicatio.cremonensium
1533 3279 1741 3353 seminaretis
1750 3297 1854 3340 ccxxx.

1068 3366 1218 3435 capituto.
1234 3366 1360 3423 Domine
1372 3368 1440 3423 lesu
1456 3365 1576 3430 Christe,
1589 3366 1642 3441 qui
1656 3369 1755 3424 carnis
1767 3368 1857 3441 virgi-

1034 3459 1125 3513 tatem
1134 3454 1323 3512 servantibus
1331 3454 1459 3513 lructum
1465 3455 1613 3528 promittis
1621 3470 1781 3530 repensare
1788 3471 1856 3513 cen-

1033 3545 1175 3603 tesimum
1192 3564 1200 3615 ;
1215 3544 1380 3602 intercessu
1404 3544 1526 3616 virginis
1539 3550 1599 3601 tum
1624 3544 1739 3620 [conrii]
1765 3548 1856 3603 iustas

1033 3639 1206 3692 nostrorum
1217 3631 1621 3707 vineolasolvepeccatorum
1633 3651 1640 3690 ε
1651 3633 1748 3708 utqui
1758 3634 1857 3692 earnis

1034 3723 1191 3796 lregilitete
1217 3723 1379 3794 dejicimur,
1397 3724 1461 3795 ejus
1475 3724 1641 3798 patrocinio
1654 3723 1855 3781 sublevemur.

1070 3814 1156 3870 Pater
1169 3817 1280 3870 noster.
1291 3811 1416 3870 liberati
1431 3828 1450 3870 a
1463 3811 1554 3870 malo.
1572 3813 1629 3884 fot.
1644 3817 1671 3871 2.

1070 3901 1400 3959 Benedicttobominus
1412 3901 1498 3959 lesus
1508 3901 1858 3975 Christus,quivirginem

1035 3989 1795 4064 sunmlnstamcastoservavitpudore,castitatisvos
1804 3988 1859 4047 de·

1035 4095 1076 4138 no
1085 4078 1240 4137 munificet
1257 4089 1310 4150 :lp
1326 4084 1434 4136 Amen.
1454 4081 1496 4145 lit,
1507 4077 1560 4152 qui
1574 4078 1657 4136 illam
1669 4077 1860 4136 subarrhavit

1036 4167 1093 4226 sibi
1102 4166 1216 4225 annulo
1225 4166 1308 4238 fidei,
1321 4183 1376 4224 ros
1388 4183 1450 4223 snae
1464 4171 1622 4224 connectat
1636 4166 1860 4225 indissolubiter

1037 4255 1173 4314 charitati
1186 4275 1197 4329 ;
1210 4268 1244 4327 p.
1254 4257 1359 4313 Amen.
1375 4257 1485 4313 llteam
1499 4271 1554 4328 pro
1565 4255 1744 4330 vobisspnd
1758 4271 1791 4314 se
1801 4254 1860 4312 sul-

1036 4345 1226 4418 hagstrieem
1244 4346 1394 4410 admittat,
1406 4360 1500 4418 quam
1512 4345 1569 4402 sibi
1580 4344 1749 4419 incorrupto
1757 4359 1860 4402 amore

1038 4435 1209 4509 adsumpsit
1220 4449 1374 4508 sponsam.
1390 4445 1422 4505 p.
1435 4433 1543 4492 Amen.

1073 4527 1126 4581 Per
1140 4522 1385 4582 misericordiam.

997 4389 1019 4443 D

1073 4611 1188 4670 Lauda.
1200 4609 1401 4668 Providebsm
1411 4611 1570 4669 Dominum
1580 4612 1611 4669 in
1623 4612 1786 4683 conspeetu
1793 4623 1862 4666 meo

1039 4714 1175 4775 semper:
1196 4699 1340 4772 quoniam
1354 4715 1373 4756 a
1386 4699 1499 4758 dextris
1514 4704 1558 4757 est
1581 4697 1664 4764 mihi,
1679 4713 1717 4754 ne
1730 4709 1863 4751 eommo-

1038 4803 1120 4847 vear.
1136 4788 1167 4845 P.
1182 4789 1303 4861 Propter
1314 4784 1371 4845 hoc
1379 4787 1573 4860 jocundatum
1588 4789 1692 4842 osteor
1706 4798 1818 4850 meum,
1834 4785 1865 4839 et

1040 4876 1179 4937 exultavit
1189 4875 1293 4948 lingua
1307 4891 1384 4934 mea.
1399 4875 1533 4934 Alleluia·
1548 4873 1580 4934 lt.
1606 4871 1681 4929 endi
1699 4871 1770 4938 tilia,
1781 4875 1812 4928 et
1820 4870 1864 4928 vi-

1040 4968 1089 5034 de,
1102 4964 1248 5024 etinclina
1260 4970 1453 5022 auremtuam
1468 4980 1475 5019 :
1491 4969 1521 5020 et
1534 4958 1864 5034 obliviscerepopnlum

1041 5061 1137 5123 tuum,
1158 5058 1186 5111 et
1200 5053 1327 5112 domurn
1341 5051 1495 5128 patristui.
1508 5053 1537 5107 P.
1555 5050 1688 5123 Propter.
1708 5048 1741 5111 r.
1753 5047 1863 5118 Gloria,

1041 5148 1071 5202 et
1082 5145 1190 5201 honor.
1204 5144 1236 5198 P.
1249 5143 1382 5216 Propter.

1079 5225 1866 5305 Oratio.lleus,quivirginalispudicitlestitulopassio-

1043 5319 1091 5376 nis
1101 5317 1213 5377 vexillo
1225 5319 1330 5376 beatas
1343 5316 1475 5388 virgines
1487 5319 1667 5388 etmartyres
1679 5321 1745 5372 tuas
1752 5316 1866 5370 iustam

1044 5412 1073 5466 et
1085 5408 1226 5466 Rufinam
1234 5407 1417 5480 glorificasti,
1425 5405 1561 5465 danobis
1573 5405 1616 5462 sie
1627 5419 1718 5462 sacrm
1725 5401 1867 5461 eastitatis

1043 5496 1170 5556 tloribns
1180 5496 1328 5562 exemeri,
1344 5499 1378 5553 ut
1389 5510 1459 5553 cum
1474 5494 1571 5553 imetu
1583 5492 1732 5551 bonomm
1741 5507 1868 5566 operum
