4117 6175
93 253 147 310 stt

676 245 943 349 tramaricus
959 246 1034 307 Dtttt
1053 248 1218 315 PASCHAE·

1748 258 1803 319 618

129 374 181 433 liic
190 374 271 430 Deus
285 386 381 438 meus,
391 372 422 430 et
430 370 638 431 honorificabo
651 386 719 429 eum
737 393 744 433 :
760 372 860 431 'Deus
869 388 924 447 pa·
939 371 964 431 A
978 388 1015 445 ge
1027 373 1164 442 Domine,
1171 372 1309 433 salrama
1322 374 1400 433 Dens
1411 388 1507 446 meus,
1520 378 1551 435 P.
1559 378 1657 439 Gloria
1667 395 1746 443 moa.
1756 382 1805 459 lt}

90 464 130 520 ris
154 460 231 529 mei,
246 465 275 519 et
292 459 430 518 exaltabo
443 476 527 517 eum.

130 548 923 618 Dominusconterenshella,*Dcminusnomenestei.

134 643 245 700 Currus
258 637 425 695 Pharaonis
440 642 468 695 et
477 637 639 696 exercitum
665 638 730 712 ejus
742 638 926 715 'proiecitin

97 744 206 787 mare:

138 819 228 893 370
246 816 363 875 Eiectos
385 831 560 875 ascensores
570 816 697 877 sternit:
712 818 722 838 '
735 818 925 877 stratoresdi-

95 907 202 965 mersit
215 909 245 965 in
256 906 350 965 mbro
363 906 451 965 mari.

129 996 319 1070 pelagusque
330 996 448 1070 operuit
460 1011 523 1064 eos,
539 995 798 1056 'dimersisuatin
808 996 927 1071 protun-

93 1085 170 1143 dum
183 1087 345 1157 tamquam
359 1082 446 1157 lapis.

126 1176 255 1231 Dextera
268 1176 330 1241 tua,
343 1172 479 1238 Domine,
495 1169 660 1245 glorificata
679 1176 726 1231 ast
738 1173 770 1231 in
792 1172 899 1230 virtute
916 1190 923 1226 :

90 1262 396 1320 dexteramanustuae
408 1261 730 1333 confregitinimioos.'
743 1264 844 1335 litprae
851 1259 925 1317 mul·

91 1350 221 1409 titudine
234 1348 402 1422 mejestatis
412 1353 471 1407 tum
481 1350 645 1409 contrivisti
656 1350 846 1409 adversarios
863 1366 870 1403 z

130 1437 232 1496 Misisti
240 1439 319 1496 iram
329 1442 425 1506 tuam,
437 1441 466 1494 et
477 1439 664 1497 comediteos
673 1443 819 1512 tanquam
828 1437 924 1511 stipu-

91 1526 167 1583 lam.
183 1528 246 1583 'lit
261 1525 469 1599 perspiritum
495 1525 659 1584 iracundias
675 1530 733 1583 tusa
752 1524 851 1583 divisa
876 1526 924 1582 est

91 1630 195 1689 aqua:

977 461 1078 521 leluia.

1014 550 1262 609 Laudabileluia
1273 568 1279 608 :
1292 550 1422 611 Laudato
1434 554 1725 617 Dominumdecolis
1740 560 1803 621 etl·

978 639 1070 698 lelnia
1081 638 1208 698 alleluia.
1225 642 1360 699 Psalmus
1375 644 1488 701 exarui.

979 730 1161 800 Principium
1177 730 1368 805 Apocalypsis
1388 732 1510 790 loannis
1530 734 1804 810 transmittimur).

1015 828 1049 889 rr.
1062 818 1122 875 Deo
1134 819 1254 889 geum.

1015 907 1213 981 Apocalypsis
1230 908 1300 967 lesu
1315 910 1430 978 Christi,
1445 926 1538 987 quam
1556 910 1639 971 dedit
1660 914 1703 972 illi
1727 914 1806 975 Deus

979 995 1186 1069 palamlacere
1196 998 1374 1063 servissuis,
1397 1016 1465 1073 quse
1479 1005 1597 1073 oportet
1612 1002 1677 1062 fieri
1688 1003 1747 1063 cito
1758 1023 1767 1067 ε
1777 1008 1809 1065 si

979 1084 1168 1155 significavit,
1183 1085 1303 1143 mittens
1318 1102 1371 1159 per
1385 1086 1531 1162 Angelum
1546 1104 1636 1148 suum
1652 1107 1807 1153 servosne

977 1172 1097 1239 loanni,
1109 1173 1164 1248 qui
1185 1174 1386 1233 testimonium
1411 1175 1562 1251 porhibuit
1578 1180 1672 1238 verbo
1689 1180 1751 1247 Dei,
1778 1186 1808 1241 at

978 1260 1262 1321 testimoniumlesu
1270 1262 1385 1330 Christi,
1396 1267 1679 1341 quaecumquoridit.
1688 1270 1804 1339 Dcatus,

977 1350 1029 1424 qui
1039 1349 1151 1421 legiter
1162 1352 1215 1424 qui
1225 1352 1316 1410 audit
1328 1357 1418 1411 verba
1426 1356 1633 1429 prophetismi
1645 1364 1743 1417 servat
1755 1375 1804 1429 aa,

976 1455 1045 1513 quse
1059 1439 1089 1496 in
1104 1455 1139 1497 ea
1153 1440 1265 1513 scripte
1279 1445 1349 1498 sunt
1365 1458 1373 1500 ε
1389 1446 1509 1515 tempus
1534 1444 1613 1503 enim
1635 1462 1730 1520 prope
1744 1452 1800 1506 est.

975 1528 1108 1585 loannes
1121 1532 1235 1602 septem
1249 1528 1397 1599 Ecclesiis,
1411 1546 1479 1605 qua
1492 1536 1561 1590 aunt
1572 1534 1603 1590 in
1611 1533 1690 1592 Asia.
1706 1534 1805 1593 Gratia

975 1614 1063 1673 vobis
1078 1620 1107 1673 at
1120 1632 1180 1691 pax
1195 1616 1234 1674 ab
1250 1632 1296 1689 eo,
1310 1618 1362 1692 qui
1373 1624 1427 1686 cst,
1443 1622 1531 1695 atqui
1544 1626 1617 1689 erat,
1628 1623 1717 1699 etqui
1731 1638 1804 1681 ven·

126 1704 309 1761 Gelararunt
322 1706 480 1777 tamquam
491 1718 596 1760 murus
608 1718 704 1778 aquas.
723 1704 733 1726 ⁶
746 1702 921 1775 gelaverunt
936 1729 959 1785 B
975 1708 1060 1761 turus
1074 1708 1139 1777 est;
1153 1708 1181 1762 et
1195 1721 1214 1762 a
1231 1712 1347 1779 septem
1362 1707 1524 1783 spiritibus,
1539 1710 1591 1784 qui
1601 1712 1632 1767 in
1641 1717 1805 1784 conspectu

91 1792 202 1850 fluctus
213 1792 246 1849 in
258 1791 360 1850 medio
372 1792 459 1849 mari.

92 1970 171 2028 tihor
184 1970 292 2043 spolia,
312 1969 434 2044 replebo
450 1970 584 2028 animam
599 1986 699 2029 meam
717 1988 724 2027 ε

125 2058 307 2118 interficiam
318 2058 420 2133 gladio
433 2074 514 2128 meo,
528 2062 538 2084 ⁶
552 2064 582 2118 et
594 2057 797 2117 dominabitur
812 2073 922 2115 manus

93 2164 170 2207 mea.

129 2236 232 2297 tlisisti
246 2236 384 2310 spiritum
400 2240 496 2307 tuum,
526 2242 554 2295 et
566 2236 720 2312 cooperuit
745 2254 797 2295 eos
818 2250 922 2293 mare:

95 2332 103 2347 ⁹
116 2324 243 2386 dimersi
251 2331 320 2384 sunt
329 2326 550 2400 inproiundum
561 2331 716 2402 umquam
727 2324 886 2400 plumbum
893 2325 923 2381 in

97 2414 389 2491 aquavalidissima.

130 2503 204 2572 Quis
216 2503 322 2562 similis
332 2504 384 2560 tihi
392 2503 424 2561 in
434 2504 491 2561 diis
499 2504 624 2562 Domine
636 2500 651 2560 i
662 2505 730 2579 quis
740 2502 846 2561 similis
858 2501 923 2569 tihi,

97 2591 925 2665 honorificusinsanctis,mirahilisiumajestatibuaia·

98 2679 927 2753 ciensmagnaliat·Extendistidexteramtuametdc·

97 2772 217 2831 vorarit
228 2788 280 2829 cns
297 2777 386 2830 terra.

132 2859 927 2935 Gubernastijustitiatuapopulumtuumhuncquem

97 2948 253 3007 liberasti:
268 2948 280 2973 '
293 2948 465 3005 consolatus
481 2964 513 3005 es
524 2948 631 3006 virtute
642 2952 704 3014 tua,
716 2949 747 3004 in
769 2944 928 3004 relectione

98 3044 203 3096 sancta
215 3042 278 3098 tua.

133 3127 301 3185 audierunt
311 3130 423 3198 gentes,
435 3127 552 3184 etiratrs
565 3130 634 3182 sunt
647 3145 653 3184 ε
670 3125 811 3184 'dolores
823 3139 929 3199 appre-

102 3217 272 3275 henderunt
284 3211 488 3273 inhabitantes
502 3214 690 3272 Philisthiim.

134 3303 930 3378 lunciestinavcruntducestidorn‚etprincipeslloa·

102 3395 244 3460 hilarum,
260 3394 270 3417 '
286 3393 544 3468 apprehenditens
552 3395 640 3450 timor
655 3398 701 3450 :et
709 3393 931 3450 duxeruntom·

103 3499 155 3540 nes
167 3481 371 3540 inhabitantes
385 3481 539 3541 chanaan.

137 3572 261 3630 Decidat
275 3588 365 3647 super
380 3588 430 3628 eos
444 3570 535 3629 timor
546 3575 575 3629 et
588 3576 710 3639 tremor,
727 3571 735 3590 ⁸
750 3588 769 3629 a
782 3569 932 3643 magnitu-

103 3661 172 3719 dine
186 3660 306 3719 brachii
319 3661 373 3718 tui.

138 3746 931 3823 Fianttamquamlapis,dcncctranseatpopulustuns,

102 3837 238 3906 Domine,
250 3837 260 3861 ·
270 3853 367 3911 usque
377 3835 781 3911 dampertranscatpopulus
792 3835 929 3906 tamisie,

102 3943 194 4002 quem
206 3925 349 3984 liberasti.

136 4015 278 4084 lnduc‚et
286 4015 464 4088 pluntaeum
475 4014 505 4070 in
515 4017 649 4071 montem
659 4011 833 4070 hereditatis
843 4013 931 4079 tuuf

102 4102 669 4176 inpraeparatahabitationeinaquam
679 4099 857 4174 praeparasti
867 4099 930 4169 tihi,

105 4192 249 4259 Domina;
263 4191 467 4253 sanctuarium
481 4195 579 4262 tuum,
592 4190 675 4264 quod
687 4191 933 4264 preparaverunt

103 4296 218 4338 manus
233 4273 297 4338 ture.

139 4389 276 4457 minine,
286 4388 340 4462 qni
353 4363 462 4461 regnas
473 4387 505 4444 in
515 4389 671 4457 aternum,
687 4389 716 4443 et
728 4371 770 4442 ¹iu
790 4382 934 4442 saeculum

105 4477 208 4536 secuti
219 4481 249 4533 et
256 4477 386 4534 adhuc'
397 4476 473 4542 Quia
482 4475 604 4533 intrarit
613 4474 763 4549 equitatus
772 4473 936 4531 Pharaonis

106 4583 176 4624 cum
196 4566 352 4640 quadrigis
365 4570 395 4623 et
413 4565 623 4623 ascensoribus
633 4564 663 4620 in
678 4579 783 4620 mare:

141 4676 176 4731 ut
185 4673 304 4732 induxit
313 4687 462 4746 superans
472 4670 616 4728 Dominus
633 4685 730 4744 aquas
745 4669 856 4730 maris:
867 4669 939 4744 'filii

107 4769 208 4822 autam
216 4762 307 4820 lsrael
315 4761 547 4820 ambulaverunt
554 4775 609 4833 per
620 4758 734 4816 siccum
744 4759 938 4832 permedium

107 4849 573 4920 metaumaucensis
593 4847 653 4904 ista
672 4850 759 4906 Deus.

140 4960 189 5017 Ad
196 4953 654 5027 Benedictus.enttptena.ribi
662 4954 786 5010 soliDeo
796 4952 938 5023 argiaris,

107 5052 135 5104 ct
146 5048 255 5118 virtus,
273 5052 302 5102 et
313 5051 447 5120 potestas
460 5045 490 5101 in
502 5044 612 5101 saecula
629 5042 820 5100 saeculorum.
834 5044 938 5113 Amen,

145 5148 941 5221 Canticum.ltenedictusesDomineDeuspatrumnc-

112 5249 253 5302 atrorum.
270 5240 466 5314 Requircsol.
482 5241 508 5296 6.

144 5351 237 5408 Sauo.
253 5350 314 5420 ligo
322 5346 462 5413 dormiri,
472 5347 501 5402 el
510 5344 610 5420 quievi
628 5361 635 5402 ε
656 5347 685 5400 et
700 5344 941 5418 resurrextquo-

113 5440 193 5496 niam
201 5431 940 5502 Dominussuscitavitme‚P.Gloriamea.ltlleluia.

116 5526 148 5588 i.
159 5531 226 5587 tion
236 5523 556 5598 timebomilliapnpuli
563 5521 777 5581 circumdantis
783 5537 832 5580 mo
842 5537 942 5580 :exur-

239 5615 358 5672 Peracc.
373 5611 520 5670 LXXXVI.

976 1792 1150 1866 throniejus
1162 1798 1248 1862 suut;
1262 1800 1292 1852 et
1316 1796 1416 1853 alesu
1438 1796 1563 1864 Christo,
1588 1798 1641 1872 qni
1664 1800 1708 1856 e'st
1723 1800 1806 1857 testis

976 1986 1049 2041 gum
1078 1974 1186 2031 terris:
1207 1972 1259 2046 qui
1278 1971 1380 2030 dilexit
1394 1988 1461 2041 nos,
1480 1977 1509 2030 et
1519 1973 1591 2032 lavit
1604 1990 1659 2031 nos
1675 1990 1808 2049 apecca·

976 2057 1015 2114 tis
1027 2058 1135 2115 nostris
1154 2058 1185 2115 in
1199 2059 1344 2131 sanguina
1358 2076 1423 2126 suo,
1433 2065 1461 2117 et
1475 2060 1545 2118 iecit
1558 2075 1614 2118 nos
1625 2076 1763 2135 regnum,
1780 2068 1809 2120 at

977 2147 1148 2203 sacerdotes
1161 2147 1222 2204 Deo
1236 2148 1312 2205 Patri
1332 2164 1386 2204 suo
1402 2165 1411 2203 ε
1427 2148 1484 2221 ipsi
1499 2148 1595 2221 gloria
1623 2148 1653 2207 in
1681 2148 1803 2208 saecula.

977 2236 1051 2292 Ecce
1062 2235 1219 2293 vanitcum
1230 2233 1371 2304 nubibus,
1385 2236 1494 2293 etvidit
1505 2237 1806 2309 cumomnisoculus‚

977 2327 1006 2379 et
1015 2323 1068 2396 qui
1082 2338 1152 2380 eum
1166 2328 1369 2397 pupugerunt.
1384 2326 1417 2381 Et
1431 2323 1577 2398 plangant
1588 2340 1619 2383 sc
1633 2340 1723 2401 super
1737 2342 1806 2383 eum

979 2410 1288 2470 omncstribusterra.
1302 2414 1362 2485 Ego
1371 2429 1438 2471 sum
1445 2412 1806 2489 AlphaetDmegaprin·

979 2500 1102 2573 mptum,
1116 2506 1144 2557 ct
1156 2500 1237 2569 finis,
1247 2499 1318 2557 dicit
1328 2501 1471 2559 Dominus
1481 2502 1569 2573 Deus,
1581 2502 1634 2578 qui
1644 2506 1697 2569 est.
1710 2508 1739 2560 ct
1751 2502 1804 2577 qui

978 2592 1052 2657 erat,
1068 2592 1096 2645 et
1108 2586 1161 2661 qui
1174 2592 1315 2645 venturus
1330 2593 1383 2657 est,
1399 2590 1600 2664 omnipotens.
1616 2601 1648 2662 p.
1663 2594 1767 2648 Amen.

1317 2678 1464 2750 Hymnus.

1140 2763 1190 2821 ilic
1210 2763 1328 2821 estdias
1348 2780 1437 2822 rarus
1451 2765 1503 2822 Dei

1106 2852 1213 2909 Sancto
1229 2866 1353 2909 serenus
1364 2852 1488 2910 lumine.

1106 2942 1171 3008 Duc
1185 2938 1270 2997 diluit
1282 2939 1407 3012 sanguis
1422 2954 1505 2999 sacer

1107 3029 1254 3089 Probrosa
1273 3030 1380 3089 mundi
1395 3032 1515 3090 crimina
1537 3038 1555 3090 τ’

1144 3119 1247 3176 Fidem
1259 3119 1423 3178 refundens
1442 3121 1576 3197 perditis,

1108 3210 1272 3282 Coecosque
1290 3207 1357 3265 risu
1373 3208 1559 3277 illuminans,

1108 3297 1173 3363 Quo
1188 3311 1243 3352 nos
1258 3297 1341 3365 gravi
1362 3297 1450 3355 solvit
1464 3304 1556 3369 metu,

1109 3385 1242 3444 Latronis
1258 3383 1416 3443 absolutio,

1143 3473 1199 3540 oui
1214 3472 1336 3546 premio
1350 3475 1471 3530 mutans
1482 3484 1613 3540 crucem,

1106 3564 1173 3618 lesu
1188 3559 1272 3617 brevi
1282 3559 1445 3634 adquisivit
1457 3559 1550 3619 iidem
1564 3578 1572 3616 ε

1107 3652 1248 3722 iustoque
1257 3647 1378 3708 brevior
1392 3648 1490 3720 gradu

1108 3737 1245 3795 Pervenit
1259 3735 1290 3794 in
1304 3749 1432 3810 regnum
1447 3736 1510 3796 Del.

1144 3829 1204 3884 lloc
1216 3842 1293 3901 opus
1305 3829 1427 3899 stupent
1438 3825 1552 3898 angeli,

1110 3915 1230 3974 Psenam
1240 3915 1373 3974 videntes
1385 3915 1532 3989 corporis;

1111 4003 1284 4079 Christoque
1300 4003 1503 4061 adherentem
1517 4017 1604 4061 raum

1111 4092 1206 4150 vitam
1221 4093 1343 4151 beatam
1358 4107 1472 4166 capere.

1148 4181 1318 4256 mysterium
1332 4179 1460 4238 mirabile
1476 4179 1483 4236 l

1113 4271 1148 4328 llt
1162 4269 1266 4328 abluat
1281 4269 1387 4327 mundi
1401 4267 1493 4335 luem,

1113 4359 1239 4417 Peccata
1250 4357 1333 4415 tollat
1341 4357 1478 4415 omnium

1115 4447 1217 4505 Carnis
1230 4447 1300 4504 vitia
1313 4445 1466 4503 mundans
1478 4455 1558 4518 caro,

1152 4537 1238 4611 371
1258 4536 1333 4604 Quid
1347 4535 1405 4592 hoc
1417 4539 1514 4610 potest
1529 4531 1693 4608 sublimius,

1116 4629 1151 4686 ut
1163 4626 1281 4699 culpam
1298 4629 1413 4700 quaerat
1425 4625 1543 4696 gratia?

1116 4719 1284 4789 Metumque
1304 4714 1401 4771 solvat
1411 4713 1551 4778 charitas,

1118 4805 1291 4876 Reddatque
1304 4818 1386 4861 mors
1400 4802 1493 4860 vitam
1508 4801 1647 4859 novam?

1153 4894 1277 4950 Hamum
1299 4891 1356 4950 sibl
1372 4891 1593 4958 morsdavoret,

1119 4985 1245 5058 suisque
1264 4997 1295 5038 se
1314 4981 1401 5038 nodis
1412 4979 1507 5052 ligati

1119 5072 1256 5132 lloriatur
1275 5070 1339 5128 Vita
1353 5070 1523 5137 hominum,

1121 5164 1264 5231 Resurget
1280 5159 1348 5216 Vita
1362 5157 1522 5217 omnium?

1156 5250 1233 5306 Dum
1249 5263 1330 5305 murs
1341 5263 1392 5321 per
1403 5263 1509 5305 omnes
1525 5251 1664 5316 transeat,

1121 5341 1230 5397 Omnes
1243 5342 1402 5410 resurgant
1417 5334 1553 5393 mortuii

1121 5429 1316 5500 comsumpta
1328 5441 1410 5484 mors
1425 5426 1485 5482 ictu
1502 5438 1569 5490 suo,

1122 5515 1236 5576 Perisse
1249 5529 1281 5576 se
1295 5514 1391 5576 solam
1406 5513 1529 5588 gemat?
1651 5601 1687 5658 2⁰
