4117 6175
81 228 137 283 m
818 222 1057 295 PSALTERlilM.
1735 252 1788 311 773

114 352 233 422 murga
257 347 353 420 gloria
377 361 447 408 mea
464 348 478 375 ·
491 364 602 424 exurge
625 350 806 425 psalterium,
821 356 850 412 ct
864 352 906 412 oi·
925 360 949 418 Α
998 358 1142 435 nispargc
1157 359 1223 421 iilos
1233 360 1265 421 in
1276 361 1381 422 virtuto
1394 368 1445 426 tus
1463 368 1511 427 'at
1528 368 1646 432 desuua
1658 388 1711 433 ecs
1720 389 1789 449 pro·

78 437 168 497 thara
187 457 195 498 ε
212 452 358 508 exurgam
372 436 515 496 diluculo.
963 450 1165 519 tectormcns‚
1182 451 1317 511 Domine.

117 524 288 585 confitebor
299 524 350 583 tibi
362 524 394 582 in
408 524 529 599 populis
538 526 664 585 Domine
676 528 685 547 ⁸
698 526 848 603 psalmum
862 528 908 589 di·
997 536 1176 597 Delictaoris
1187 554 1291 598 eorum
1306 556 1459 601 sermones
1468 542 1618 606 labiorum
1629 550 1765 624 ipsorum
1779 554 1789 573 '

80 630 150 674 cam
165 614 219 673 tibi
233 614 433 687 intargsntcs.
962 627 992 682 et
1003 624 1299 699 comprehendantur
1312 628 1343 687 iu
1359 631 1501 704 superbia
1510 641 1605 707 sua,cl
1619 635 1657 696 da
1670 654 1790 701 exacra-

119 701 268 770 Quouiam
278 699 527 774 magnificasset
538 702 683 778 usquead
696 702 786 764 ossius
796 705 910 763 miseri·
962 712 1052 779 dona,
1068 718 1096 773 el
1108 714 1266 775 mendacio
1280 718 1495 778 convellantur.

80 790 187 849 cordia
199 796 249 848 tua
262 790 274 813 ·
287 789 437 849 alacritas
449 792 502 848 tua
514 806 609 865 usque
622 792 662 851 ad
677 793 783 853 nubes.
997 803 1179 863 consumme
1204 818 1255 863 eos
1269 804 1301 863 iu
1323 806 1368 865 ira
1382 810 1663 884 cousummationis,
1679 818 1709 873 st
1725 830 1788 873 non

118 878 256 938 dxaltarc
266 894 357 954 super
370 877 462 937 coelos
472 879 573 939 Deus·
589 882 618 941 at
626 896 717 958 super
724 896 846 942 omnem
853 886 910 942 ier·
962 892 1069 948 erunt·
1086 892 1226 966 etscisnt,
1243 895 1316 968 quia
1333 895 1411 955 Deus
1424 897 1630 960 dominabitur
1651 902 1746 963 iacob
1760 907 1790 963 et

78 984 149 1028 ram
162 968 260 1043 gloria
277 970 340 1028 tua
960 975 1069 1037 iiuium
1081 982 1176 1039 terrac.

461 1058 529 1115 Lllll
1280 1072 1465 1145 Diupsalmu.

297 1146 330 1203 ln
338 1141 432 1203 ἣιιοιιι
445 1142 694 1205 Psalmusbasid.
996 1156 1212 1218 Convertuntur
1224 1159 1265 1219 ad
1278 1176 1448 1235 vesparum,
1461 1167 1490 1224 al
1500 1164 1580 1225 lame
1592 1166 1786 1241 patienturut

112 1247 189 1303 Ana.
214 1243 245 1302 Si
260 1258 330 1302 vere
348 1244 452 1319 utique
473 1244 617 1303 iustitiam
632 1243 801 1319 loquimini,
827 1249 907 1305 reeta
961 1259 1051 1304 cauea
1065 1247 1114 1305 'at
1125 1246 1465 1313 circuibuntoiviiatcm.

77 1331 208 1392 iudicate
226 1330 280 1391 diii
296 1333 466 1391 hominum.
996 1336 1070 1393 licus
1082 1335 1142 1411 ipsi
1156 1337 1362 1412 dispargentur
1371 1340 1411 1399 ad
1425 1344 1691 1407 manducandum·
1702 1347 1786 1407 siau·

112 1423 232 1482 Etenim
242 1422 274 1480 in
289 1422 379 1481 cordo
392 1422 563 1498 iniquitates
573 1421 742 1497 operamini
754 1424 766 1447 ·
778 1423 809 1483 iu
829 1428 907 1485 terra
961 1425 1021 1482 tem
1031 1438 1093 1482 nun
1107 1427 1333 1501 saturabuntur,
1348 1432 1591 1493 murmurabunt.

77 1513 253 1589 iniquitates
265 1527 376 1571 manus
388 1516 495 1573 rosires
511 1511 704 1572 concinnent.
996 1514 1059 1584 Ego
1075 1518 1176 1574 auiam
1183 1516 1314 1576 cantabo
1327 1515 1493 1594 potentiam
1506 1526 1601 1595 tuam,
1612 1526 1640 1582 et
1649 1524 1789 1585 exultabo

112 1602 243 1661 Alienati
257 1606 328 1660 suni
341 1605 516 1677 peccatores
536 1602 576 1660 ab
590 1606 691 1672 utaro;
707 1604 720 1634 t
734 1600 909 1663 erraberunt
962 1614 1053 1659 mane
1066 1602 1302 1665 misericordiam
1315 1610 1397 1668 tuam
1408 1610 1417 1629 '
1429 1610 1502 1684 quia
1514 1610 1610 1670 iaetus
1623 1628 1655 1670 ss
1669 1630 1790 1689 suscep·

76 1694 217 1749 evenire
236 1689 349 1749 elocuti
362 1694 432 1748 sunl
441 1688 527 1748 ialsa.
926 1700 949 1761 Β
963 1694 1008 1748 tor
1014 1692 1295 1767 meus‚etrciugium
1301 1697 1494 1755 msumiudis
1500 1697 1701 1760 tribulationis
1707 1718 1789 1761 mea.

112 1778 230 1837 lraillis
248 1779 418 1837 secuudum
429 1776 654 1838 similitudinem
669 1778 823 1855 serpentis,
832 1779 909 1838 sicui
997 1779 1122 1840 Adiuior
1134 1797 1222 1841 meus
1235 1780 1290 1841 tibi
1299 1780 1440 1859 psallam,
1455 1786 1528 1860 quia
1542 1789 1621 1847 neus
1635 1795 1790 1866 susceptor

78 1867 316 1943 aspidasurda,
325 1872 355 1927 ct
363 1867 545 1928 obdurantes
553 1883 641 1927 aures
648 1884 719 1927 suas
727 1867 910 1943 [xxrv,]qucs
963 1883 1050 1927 meus
1064 1884 1105 1942 ss,
1121 1871 1218 1929 'Deus
1230 1888 1327 1949 meus,
1348 1874 1555 1937 misericordia
1568 1893 1646 1938 mea.

76 1954 910 2031 nonexaudiuuiaocesiucauiaulium'atveueilclquoe
1345 1980 1409 2041 Hx·

75 2046 275 2105 incantantur
286 2061 306 2104 ⁸
319 2046 466 2121 Sillim·
964 2083 997 2138 lu
1009 2080 1103 2141 mem
1125 2083 1177 2156 qui
1190 2082 1419 2145 inmutabuntur
1438 2086 1469 2145 in
1483 2087 1573 2146 titulis
1587 2090 1786 2164 inscriptione.

116 2136 200 2194 ⁰0⁰⁸
218 2136 365 2194 willelmi
379 2135 484 2194 denies
503 2150 609 2193 eorum
631 2132 663 2192 in
685 2148 739 2193 ⁰³⁸
754 2132 912 2209 ipsorum·
999 2152 1138 2212 Psaimus
1150 2155 1243 2213 llavid
1257 2152 1289 2213 iu
1308 2156 1473 2215 doctrinam
1510 2159 1612 2218 uando
1635 2160 1789 2221 succendit

80 2223 184 2282 molas
197 2222 320 2283 leonum
343 2221 490 2295 confregit
503 2222 651 2281 Dominus
677 2226 710 2280 ul
723 2221 763 2282 ad
782 2220 913 2283 nibilum
1001 2226 1259 2299 Mesopotamiam,
1270 2231 1299 2285 st
1314 2226 1440 2301 Syriam,
1464 2230 1502 2287 So
1525 2230 1585 2289 ab:
1604 2236 1632 2289 et
1645 2233 1790 2291 conrcrlil

76 2313 335 2373 devenim‘nlut
352 2329 433 2390 &qua
443 2314 616 2371 dommus·
1000 2294 1088 2380 JQb,
1108 2298 1301 2381 §t'pflrcussssit
1312 2298 1344 2356 ill
1363 2298 1474 2359 vallem
1486 2301 1656 2362 Salinarum
1677 2301 1792 2363 duod&

115 2404 369 2462 Extcnditarcum
383 2420 475 2462 suum
489 2403 585 2462 donec
592 2399 784 2465 infirmentur
798 2419 806 2462 ι
820 2402 914 2463 'sicui
1001 2381 1062 2425 ⁰¹⁰²
1078 2366 1182 2426 mmm·

77 2508 154 2551 cera
166 2492 330 2567 liquefacta
340 2491 523 2551 solarentur.
1002 2494 1078 2551 lua.
1092 2490 1171 2551 Deus
1179 2490 1336 2568 reppulisti
1346 2509 1413 2563 uos,
1429 2493 1640 2557 etdexlruxisti
1651 2513 1708 2558 uos
1720 2513 1727 2558 ι
1739 2498 1794 2560 ira·

117 2581 323 2657 supercecidit
334 2580 415 2654 iguis
425 2596 516 2657 anper
527 2596 591 2650 cos,
605 2584 634 2639 st
644 2596 706 2640 uon
720 2579 915 2639 videruutso-
968 2580 1106 2640 tusiuisti
1120 2584 1150 2639 et
1163 2581 1301 2639 misertus
1313 2597 1345 2639 ss
1361 2582 1459 2642 nobis.

78 2670 164 2729 lem·
183 2670 363 2744 unusquam
373 2670 522 2744 producat
533 2669 761 2743 spinasvestras
774 2684 911 2729 ramnus.
1004 2669 1198 2728 commovisti
1225 2672 1346 2741 terram,
1366 2675 1395 2729 et
1415 2669 1601 2733 couturbasti
1614 2689 1683 2735 eam
1696 2676 1706 2697 '
1721 2692 1798 2739 mnu

119 2758 204 2818 Sicut
221 2759 354 2817 visentes
368 2758 431 2816 ‘sio
446 2758 477 2816 iu
493 2758 540 2817 ira
554 2755 697 2816 obsorbet
708 2773 771 2815 cos.
968 2756 1160 2815 contritiones
1174 2756 1248 2827 eius,
1261 2758 1405 2831 quoniam
1419 2763 1503 2817 mota
1516 2764 1570 2818 cst.

117 2847 283 2907 letabitur
295 2849 393 2906 iustus
406 2862 503 2921 quum
516 2844 625 2905 viderit
636 2846 796 2905 vindictam
808 2845 915 2919 impio·
1004 2842 1163 2905 Ostendisti
1190 2844 1297 2919 populo
1316 2850 1368 2905 tuo
1393 2846 1491 2907 dura·
1517 2849 1628 2923 potasti
1653 2864 1710 2911 uos
1725 2844 1796 2913 sino

82 2953 156 2994 rum
170 2938 381 2995 'manussuas
393 2932 913 3009 lababitinsanguiuepeccalorum.
968 2934 1220 3009 compunctionis.

119 3028 156 3083 Et
168 3024 249 3083 dicet
261 3024 372 3083 bomo·
387 3026 414 3080 si
428 3023 584 3099 uliquesst
598 3024 710 3082 tructus
722 3023 811 3094 iusto,
823 3022 915 3089 etuti.
933 3049 954 3111 0
1004 3020 1117 3083 Dedisti
1128 3019 1329 3084 metuentibus
1354 3030 1383 3085 ta
1404 3022 1675 3099 significationem·
1689 3032 1722 3090 ul
1749 3024 1794 3090 iu·

81 3130 146 3190 qua
157 3119 204 3173 est
217 3117 296 3172 ilaus
314 3112 453 3173 indicans
464 3129 516 3173 cos
532 3117 754 3188 superterram.
970 3113 1083 3188 giunta
1103 3112 1178 3173 lacis
1191 3129 1292 3174 arcus.

455 3202 547 3260 lviii.
1006 3205 1042 3260 lit
1054 3201 1216 3262 liberentur
1229 3202 1329 3262 dilecti
1348 3203 1543 3265 tui·salbum
1556 3222 1605 3265 me
1623 3205 1714 3268 iaciat
1726 3207 1796 3268 der-

79 3310 114 3368 lu
131 3308 228 3390 finem
241 3307 379 3366 Psaimus
393 3307 500 3380 David,
509 3306 635 3390 quaudo
644 3306 725 3366 misit
743 3306 815 3367 Saul
826 3312 855 3366 el
864 3323 916 3366 ou·
970 3295 1033 3351 ¹01¹&
1045 3296 1106 3358 t¹¹⁸·
1122 3297 1151 3350 0¹
1162 3289 1273 3352 ⁶¹⁸⁰&
1286 3307 1345 3351 ¹1¹⁰·

118 3375 383 3438 slodrbitdomum
395 3380 470 3453 sius,
483 3387 515 3437 ut
525 3379 914 3449 interficerctenmmtdixit:
1005 3377 1085 3439 Deus
1101 3380 1219 3438 locutus
1239 3382 1283 3438 est
1293 3380 1325 3438 in
1340 3385 1446 3439 sancto
1460 3396 1534 3440 suo:
1548 3379 1693 3450 iactabor,
1706 3387 1735 3441 et
1752 3383 1797 3444 di·

118 3473 201 3527 Ana.
215 3469 360 3526 wedale
381 3483 468 3527 manc
493 3468 725 3527 miscricordiam
741 3473 830 3537 tauro,
846 3483 918 3542 quo·
971 3469 1073 3528 vidam
1084 3469 1220 3528 sicimam
1233 3470 1242 3489 '
1255 3472 1285 3528 et
1296 3469 1463 3528 convallem
1475 3469 1737 3532 tabernaculorum
1754 3472 1798 3532 di·

80 3559 170 3618 oium
183 3559 286 3628 suctus
296 3573 325 3615 cs
337 3563 489 3630 susceptos
508 3572 599 3623 meres,
613 3562 643 3616 ct
655 3559 807 3630 rosnaium
820 3573 918 3617 mcum
971 3557 1089 3618 metiar.

80 3648 116 3704 in
131 3645 185 3704 dis
197 3661 344 3720 onasus-ar
356 3661 440 3705 mco.
1006 3647 1087 3707 Maus
1098 3649 1144 3704 est
1153 3641 1275 3715 Galaad,
1288 3649 1318 3705 el
1328 3647 1642 3708 meusestiiauasses'
1652 3649 1796 3720 etllirem,

118 3735 214 3809 Eripe
231 3751 281 3794 me
290 3735 329 3794 de
340 3735 468 3794 inimicis
483 3735 569 3804 meis,
583 3732 662 3794 ilaus
669 3737 776 3794 meus'
790 3735 919 3797 etabiu·
971 3731 1116 3795 iortiludo
1129 3733 1231 3808 capitis
1246 3733 1317 3794 mei.

83 3823 285 3896 surgentibus
298 3825 329 3882 in
345 3840 404 3893 mc,
419 3823 515 3884 libera
533 3840 591 3883 mc.
1006 3823 1147 3883 ludarax
1159 3838 1245 3882 meus
1257 3822 1360 3883 :lioab
1370 3819 1501 3900 oiiaspei
1510 3842 1585 3885 mem
1600 3827 1608 3846 ¹
1621 3825 1800 3888 iordanes

118 3912 214 3988 Eripe
228 3927 277 3972 me
290 3913 329 3971 de
343 3912 538 3988 operantibus
551 3913 740 3986 iniquitatem
752 3916 762 3941 ·
772 3918 833 3974 eta
847 3912 919 3974 viris
972 3910 1128 3972 ostendam
1139 3909 1377 3970 calceamentum
1386 3927 1508 3972 meum:
1523 3914 1597 3974 milri
1615 3913 1718 3974 allodii
1729 3914 1799 3976 sub·

79 4000 274 4074 sanguinum
287 3999 380 4060 libera
394 4017 451 4061 me.
972 4000 1118 4060 ditisunl.

118 4090 204 4159 Quia
222 4105 291 4150 cecc
305 4090 531 4167 occupaberunt
539 4089 675 4150 animam
687 4106 788 4151 meam
800 4109 807 4150 ι
821 4091 919 4151 inrue-
1008 4089 1079 4160 Quis
1091 4085 1217 4148 deducet
1239 4103 1288 4148 mc
1306 4085 1339 4148 iu
1364 4087 1482 4150 civitate
1503 4089 1733 4164 circunstantisa,
1746 4096 1800 4154 aut

77 4186 155 4240 runt
167 4180 201 4237 in
211 4195 260 4238 ma
274 4177 365 4240 iortes
374 4181 385 4206 ·
394 4197 489 4256 nequa
498 4179 641 4255 iniquitas
650 4196 729 4247 mea,
740 4195 838 4255 neque
850 4195 919 4255 pec·
971 4177 1040 4254 quis
1058 4176 1187 4237 deducat
1213 4192 1262 4238 me
1277 4179 1417 4253 usquein
1431 4179 1596 4241 ldummam
1609 4183 1618 4200 ¹
1643 4196 1745 4242 nonne
1755 4187 1797 4253 iu,

78 4276 189 4332 catum
204 4285 318 4338 meum,
333 4269 477 4330 Domine:
497 4270 560 4329 sinc
581 4268 736 4344 iniquitate
760 4269 876 4329 cucurri
890 4273 920 4330 et
973 4267 1064 4337 Deus,
1078 4265 1132 4342 qui
1149 4265 1302 4342 reppulisti
1316 4282 1384 4334 nos,
1399 4273 1427 4328 cl
1439 4269 1670 4343 uoucgrcdisris
1688 4271 1799 4332 Deuse

82 4357 252 4434 dirigebar.
933 4407 957 4462 D
971 4354 1130 4415 virtutibus
1138 4355 1259 4414 nostris.

118 4451 243 4520 Exurge
255 4447 286 4505 in
299 4462 460 4508 occursum
480 4447 564 4515 mihi,
579 4445 647 4505 vids
659 4464 665 4506 :
680 4450 710 4506 et
732 4451 775 4517 tu,
794 4447 920 4508 Domina
1008 4445 1053 4504 Da
1061 4444 1150 4504 nobis
1161 4443 1307 4504 auxilium
1318 4445 1350 4504 iu
1361 4444 1549 4506 ιιὼιιῑιιίοιιο
1560 4446 1570 4467 ·
1580 4450 1609 4508 el
1621 4463 1702 4510 vana
1715 4449 1798 4510 salus

84 4535 171 4595 ocus
183 4533 326 4595 virtutum
340 4533 419 4596 Deus
438 4535 528 4595 lsrael
548 4534 669 4595 intende
688 4536 729 4595 ad
751 4535 919 4597 visitandas
972 4532 1114 4594 bominis.

85 4640 200 4685 omnes
220 4626 343 4698 gentes·
357 4641 419 4685 uon
437 4625 608 4684 miserearis
620 4623 763 4684 omnibus
785 4626 839 4702 qui
850 4641 921 4701 ope
1010 4625 1043 4680 lu
1059 4625 1120 4681 ilco
1131 4620 1276 4681 iaciemus
1302 4621 1440 4682 virtutem
1452 4623 1462 4644 '
1475 4628 1505 4684 ct
1525 4626 1590 4702 ipse
1604 4623 1645 4685 ad
1671 4623 1799 4686 nibilum

85 4713 410 4788 ranturiuiquitatem.
974 4705 1373 4770 deducaltribulautesuos.

126 4805 346 4862 convertantur
359 4805 397 4862 ad
410 4818 580 4879 vesperum,
596 4801 711 4865 etiams
721 4801 922 4878 patiantur,ut
1353 4801 1406 4859 Lx.

89 4891 208 4952 canes·
223 4897 252 4951 et
263 4891 431 4953 circuibunt
446 4894 604 4953 civitatem.
975 4893 1007 4949 lu
1026 4890 1119 4950 linem
1146 4888 1282 4948 Psalmus
1304 4888 1410 4950 David·
1430 4889 1601 4950 obsecratio
1626 4905 1697 4951 oum
1717 4891 1800 4953 bona

126 4983 203 5040 Ecce
215 4982 275 5056 ipsi
283 4980 444 5058 loquoulur
454 4983 543 5042 inore
551 4997 619 5051 suo,
631 4980 921 5054 etgladiusiuirabiis
1329 4979 1436 5052 grana

89 5087 199 5130 corum
212 5071 223 5094 '
237 5071 382 5144 quoniam
391 5071 460 5146 quis
475 5069 599 5130 audivit.
1008 5069 1083 5127 ilua.
1103 5069 1127 5126 it
1149 5067 1257 5142 finibus
1277 5075 1368 5130 terrm
1379 5068 1420 5126 ad
1429 5074 1457 5126 te
1471 5066 1611 5135 clamabi,
1626 5067 1761 5129 Domine.

125 5157 161 5217 iit
172 5159 353 5231 tu,llomiue,
372 5157 523 5220 deridebis
535 5175 598 5232 cos,
613 5156 774 5235 pronihilo
791 5157 922 5220 babebis
1009 5156 1136 5225 Exaudi,
1159 5157 1248 5232 Deus,
1279 5155 1521 5232 depracationem
1547 5159 1667 5216 meam·
1680 5157 1799 5220 intende

88 5262 197 5306 omnes
210 5251 333 5323 gentes·
346 5249 490 5309 tortitudo
503 5265 582 5318 mea,
595 5253 653 5307 ate
666 5246 828 5315 custodiar,
849 5247 919 5323 quia
975 5245 1042 5305 voci
1058 5245 1202 5305 orationis
1215 5261 1303 5304 mem.

89 5337 169 5394 Deus
182 5341 337 5412 susceptor
349 5354 437 5398 meus
456 5354 501 5407 es,
514 5337 592 5396 ilaus
606 5353 691 5398 meus
713 5335 922 5396 misericordia
1010 5331 1093 5410 [xxv]
1109 5337 1132 5390 Α
1147 5335 1259 5394 linibus
1272 5341 1356 5395 lcrrae
1367 5335 1407 5395 ad
1419 5339 1445 5394 is
1457 5333 1688 5397 clamabi'dum
1697 5338 1800 5398 auxia·

90 5426 156 5484 cius
170 5428 334 5501 praeveniat
347 5443 406 5486 mc.
974 5429 1057 5484 retur
1071 5439 1248 5494 cormeum,
1263 5425 1293 5484 iu
1309 5431 1393 5502 pelra
1409 5423 1545 5486 exaltasti
1555 5441 1615 5485 ma.

125 5519 209 5574 ilaus
222 5531 309 5576 meus
322 5515 529 5576 ostendamibi
539 5517 615 5575 inter
627 5511 921 5578 inimicosmeos'ue
1011 5511 1161 5572 naduxisli
1176 5529 1235 5582 me,
1254 5515 1326 5591 quia
1341 5514 1437 5575 iactus
1459 5530 1492 5576 es
1521 5529 1590 5592 spes
1602 5513 1696 5577 mea'
1712 5509 1801 5578 turris

93 5603 240 5666 occideris
253 5619 317 5678 eos,
329 5619 369 5664 ns
385 5605 510 5681 quaudo
527 5605 743 5668 oblibisoautm
759 5606 835 5682 legis
847 5609 921 5668 tue.
977 5602 1157 5664 tortitudinis
1169 5618 1188 5664 a
1201 5601 1276 5666 iacis
1289 5603 1414 5665 inimici.

240 5691 362 5755 rama
380 5691 533 5756 lxxxvi
1605 5693 1642 5754 ²5
