4117 6175
228 224 298 287 reas
367 222 370 229 ’
865 188 1093 274 eneruiucu

227 354 287 411 nite
304 352 360 419 liiii,
379 350 480 405 audita
494 364 558 405 mc:
575 348 711 404 timorem
728 344 844 401 Domini
857 338 974 401 docebo
991 340 1093 395 rosa

227 441 257 497 P.
274 442 372 511 tlujua.
387 440 418 501 i·
431 438 527 493 Gloria
538 444 566 492 et
580 438 683 493 bonor.
696 436 727 493 P.
738 434 840 505 Cujus.

265 528 779 597 distintione,incujuscouspeetu
791 524 1056 577 lactaestcommc-

228 618 365 681 merallu,
377 617 428 689 qui
441 624 606 688 martyrum
622 618 741 669 tuorum
753 626 880 683 corpora
891 610 978 665 unius
994 606 1057 680 glo-

227 706 278 764 riae
293 706 532 762 remuneratione
547 702 672 758 indivise
686 700 829 756 ferventia
849 693 949 754 divisis
964 696 994 753 ln
1011 710 1054 752 re-

229 785 1054 867 gionibuslocansetServandumGaditanosituidonas,

230 891 258 941 et
272 886 451 939 Germanum
469 878 696 937 Ernaritensium
716 878 830 933 civibus
852 874 1030 932 commodas
1047 888 1054 940 ;

229 982 337 1047 praesta
350 970 447 1031 uobis.
463 968 566 1027 erratice
580 974 635 1023 tuae
649 970 713 1022 luce
729 966 906 1027 inluminati,
918 979 1056 1035 corpora·

229 1064 294 1119 liter
313 1060 752 1128 divisi,uuiruemreteuremin
768 1052 944 1118 dulcedinis
966 1052 1057 1109 etcol-

230 1150 295 1207 lecti
317 1152 346 1205 in
365 1166 458 1205 unum
474 1147 677 1205 redundemus
696 1158 821 1201 munere
840 1140 1004 1199 charitatis.
1024 1138 1055 1201 tl.

228 1242 336 1297 Amen.
375 1236 378 1243 ’

265 1320 329 1388 Per.
466 1394 471 1406 .

266 1400 298 1489 tp.
314 1415 413 1473 Sancti
428 1415 481 1471 iter
493 1412 626 1470 lecerunt
638 1427 691 1484 per
703 1410 831 1475 deserta,
853 1421 922 1483 quta
938 1420 999 1463 non
1014 1405 1057 1461 inss

229 1505 459 1563 habitabantur:
476 1500 507 1559 iri
523 1497 596 1558 loeis
609 1500 728 1556 secretis
743 1498 874 1555 fixerunt
888 1500 1005 1563 castra;
1021 1490 1059 1551 d²e

231 1592 359 1650 inimicis
378 1607 409 1646 se
422 1590 658 1646 vindicaverunt.
674 1582 704 1642 P.
725 1586 873 1650 sitierunt,
892 1588 920 1640 et
938 1584 1059 1639 luvoca-

231 1688 337 1739 verunt
350 1685 394 1739 te:
412 1684 440 1736 et
455 1677 526 1735 data
540 1681 584 1735 est
597 1673 654 1734 illis
666 1690 746 1751 aqua
759 1676 796 1733 de
809 1682 891 1749 petra
901 1663 1058 1732 altissima.
1075 1686 1097 1742 B

233 1772 265 1835 tt.
282 1771 393 1827 Panem
410 1768 476 1825 coeli
489 1767 572 1824 dedit
585 1767 647 1823 eis:
663 1756 963 1839 panemingelorum
975 1770 1059 1819 man·

233 1860 430 1917 ducareruut.
452 1856 482 1914 P.
503 1856 652 1913 Sitierunt.
672 1854 703 1917 ti.
722 1854 829 1919 Gloria,
852 1857 881 1910 et
898 1845 1004 1911 honor.
1026 1835 1058 1906 Ρ.

232 1946 384 2007 Sitierunt.

536 2034 570 2091 ln
588 2032 747 2090 Laudibus.
820 2104 822 2112 γ

267 2123 311 2183 la
323 2122 664 2194 Canticnmdntipiiona.
686 2118 742 2187 Qui
758 2119 878 2192 propria
896 2110 1058 2175 vuluntate.

234 2208 396 2271 Canticum.
414 2210 470 2284 Qui
488 2218 592 2283 sponte
607 2208 766 2266 obtulistis.
778 2209 835 2279 fot.
851 2220 944 2263 ccxnr.

269 2302 312 2357 Ad
329 2300 515 2358 Benedictus.
531 2298 712 2370 Antiphone.
732 2296 818 2360 tusc,
835 2298 863 2350 et
877 2292 1059 2360 sacerdotes,

233 2390 329 2448 sancti
344 2396 371 2447 et
382 2386 510 2445 humiles
523 2387 623 2453 corde,
640 2384 805 2441 benedicite
816 2377 986 2440 Dominum.

269 2480 438 2537 Canticum.
455 2464 633 2534 Benedictus
646 2490 688 2529 es.

268 2567 355 2627 Seno.
376 2565 428 2624 ilia
442 2567 603 2640 justorum.
624 2562 740 2621 Lauda.
761 2560 904 2619 Lutrrlate.
928 2558 1062 2619 Protinus

233 2650 345 2717 elavit.

313 2748 408 2807 Lectio
419 2743 652 2817 titrtsaptenttae
666 2732 830 2801 Salomonis
843 2740 927 2813 (Cep.
938 2742 989 2812 xi).

269 2850 302 2909 131.
316 2838 378 2895 Deo
391 2838 512 2908 gratias.

268 2924 368 2981 Sancti
381 2926 435 2981 iter
450 2924 581 2979 lecerunt
595 2908 648 2995 per
663 2920 790 2982 deserta,
806 2934 874 2990 quac
898 2932 960 2974 non
975 2908 1063 2973 babi-

233 3002 343 3081 ta'ntur,
359 3016 388 3067 et
403 3008 515 3066 iulocis
530 3009 650 3065 seeretis
663 3008 904 3063 flueruntcastra.
916 3004 1064 3063 Steterunt
1082 3042 1102 3098 C

236 3106 340 3157 contra
349 3099 457 3168 hostes,
470 3105 498 3152 et
508 3097 545 3153 de
555 3097 682 3154 inimicis
692 3113 722 3152 se
732 3095 970 3153 vindicaverunt.
983 3091 1063 3152 Sitia·

234 3191 306 3245 runt
325 3203 332 3244 ε
348 3191 376 3244 et
389 3186 603 3242 invocaverunt
613 3190 652 3248 te,
666 3183 695 3239 et
707 3181 777 3240 data
789 3189 835 3239 est
854 3178 910 3238 illis
924 3198 1005 3277 aqua
1024 3181 1062 3240 de

235 3263 322 3350 p‘et'ra
335 3271 491 3340 altissima,
507 3277 536 3330 et
549 3266 668 3346 requies
688 3269 751 3328 silis
766 3269 803 3328 'de
813 3269 912 3343 lapide
927 3273 1012 3325 uuio.
1030 3268 1064 3328 at

235 3363 365 3423 reddidit
377 3363 465 3436 justis
483 3361 649 3420 mercedem
662 3356 802 3417 laborum
818 3355 952 3432 suorum,
969 3353 998 3416 ei
1012 3357 1062 3415 de·

236 3453 322 3512 duxit
334 3451 400 3510 illos
414 3452 444 3509 in
461 3449 506 3508 via
521 3448 660 3515 mirabili,
677 3450 704 3506 ei
718 3447 773 3506 luit
786 3445 842 3505 illis
853 3435 883 3504 ru*
895 3443 1063 3505 velamento

236 3527 296 3602 diei
313 3535 341 3599 at
354 3545 386 3598 in
396 3538 463 3599 luca
477 3539 626 3596 stellarum
643 3543 704 3594 tota
717 3542 817 3594 nocte:
833 3535 983 3594 transtulit
998 3535 1063 3594 ilios

237 3648 321 3706 mare
334 3630 470 3696 rubrum,
487 3629 634 3687 transtulit
647 3625 711 3684 illos
727 3643 780 3700 per
794 3640 906 3700 aquam
926 3615 1062 3684 nimiam.

238 3704 377 3777 lnimicos
387 3717 647 3776 iliorumdimersit
657 3718 686 3772 in
703 3733 795 3781 mare,
808 3725 843 3771 cx
855 3712 1008 3772 altitudine
1022 3715 1061 3771 in·

236 3810 368 3868 ferorum
380 3809 482 3866 eduxit
497 3806 571 3865 illos.
590 3807 659 3862 Ideo
672 3807 742 3876 justi
758 3806 885 3863 tulerunt
901 3806 998 3879 spolia
1011 3798 1063 3862 im·

237 3889 1063 3972 piorum,etdecrntnveruut,Domina,uomcnsabellini

238 3992 335 4058 tuum,
346 3997 373 4044 et
386 3987 534 4044 victricem
547 4002 671 4044 manum
682 3989 763 4042 tuam
774 3965 973 4041 laudaveruui
988 3969 1065 4058 pari·

238 4080 456 4150 ler.tt.amen.

272 4165 417 4238 Hymnus.
432 4165 566 4222 Christus
582 4180 668 4220 verus
683 4179 732 4218 rex
747 4161 935 4227 Sanctorum,
950 4157 1065 4234 Suppli·

237 4259 323 4312 cotio.
340 4257 465 4310 Oreurus
480 4253 719 4326 Redempturem.
731 4250 880 4321 Capitale.
892 4249 922 4304 lb
934 4249 991 4305 hac
1003 4253 1064 4306 tuo·

238 4359 317 4400 rum.
332 4343 447 4398 Laudo.
463 4341 603 4414 decipite.
619 4339 797 4396 Benedictio.
808 4335 951 4395 Serrandi
963 4355 1062 4412 prece.
1079 4373 1102 4443 n

240 4431 276 4488 ln
295 4429 422 4504 Vesperis
432 4428 672 4500 prrecedentitus.

565 4514 743 4574 ulexxt'tt.
991 4591 993 4596 ,

239 4623 265 4666 ur
292 4624 376 4666 rnsro
400 4623 562 4666 sincroauu
599 4605 745 4673 vincsarir,
771 4605 885 4673 suarna,
921 4623 952 4661 er
980 4618 1065 4663 cant·

487 4765 490 4776 ¹
521 4697 784 4775 srrraurarruiur.

276 4787 378 4846 Omnia
390 4788 532 4844 dicantur
540 4787 740 4856 plurimorum
752 4770 922 4855 Martyrum
932 4796 985 4842 sen
998 4772 1065 4856 cap·

239 4892 357 4949 parum,
370 4877 421 4947 sol·
438 4883 647 4944 ansuescente.

586 4965 713 5038 Hyrnno.

324 5039 327 5048 ’
346 5053 407 5110 llue
421 5070 474 5108 vos
489 5053 632 5124 gratifice,
644 5053 726 5125 plebs
741 5055 791 5130 pia
804 5054 949 5108 convocat

311 5141 457 5199 Virtutum
470 5140 623 5210 Dominus,
634 5142 751 5200 testium
765 5138 840 5199 atria

311 5229 445 5288 Conferte
456 5229 586 5304 dapibus
602 5237 667 5287 voto
683 5229 819 5300 calentia,

381 5317 528 5375 Coelorum
544 5319 618 5376 locet
631 5317 661 5376 iu
672 5319 784 5378 intima.

344 5405 440 5464 iuneti
456 5407 633 5479 llartyribus
646 5407 760 5481 jungite
778 5407 903 5484 ga¹·dia;

309 5494 452 5556 Vincentii
464 5501 561 5553 teneat
575 5513 703 5556 munera
714 5513 769 5555 ror
784 5497 849 5576 pia:

1113 190 1310 276 noraretni.

1179 342 1289 399 Sabina
1304 346 1415 401 recinat
1426 343 1528 400 cretica
1543 342 1648 407 littera,

1250 432 1409 490 Christctas
1424 434 1505 489 bona
1520 432 1640 487 aethera.

1215 522 1246 577 lli
1263 523 1369 579 mundi
1386 526 1503 578 misera.
1516 522 1599 576 lucra
1611 536 1665 591 per
1678 519 1785 584 ardua,

1179 609 1492 680 Spernunthnminum
1509 608 1592 665 vaira
1606 609 1758 664 dolentia:

1179 696 1290 772 [couvi
1303 690 1425 755 Credunt
1440 698 1568 772 punicea
1580 695 1655 753 eolla
1668 697 1848 769 peremnia,

1251 790 1312 843 ilex
1321 787 1445 853 Christe,
1462 786 1512 843 tibi
1523 780 1699 842 laureantia.

1215 876 1234 931 S
1248 878 1344 947 mplex
1359 893 1395 932 ac
1409 878 1534 933 Trinitas
1548 882 1574 931 te
1591 875 1667 930 Deus
1679 874 1776 931 unitas

1180 966 1342 1036 conamus,
1358 968 1496 1037 precibus
1510 955 1617 1020 horitur
1634 971 1663 1019 ul
1674 949 1794 1028 aridius,

1181 1055 1252 1120 Qum
1268 1056 1322 1126 ipsi
1337 1056 1484 1127 petimus:
1499 1054 1589 1109 corda
1604 1044 1740 1121 calentia,

1254 1146 1400 1199 immense
1414 1146 1498 1202 bone.
1512 1158 1651 1213 proroga.

1219 1233 1260 1288 Sit
1271 1234 1358 1287 trina
1373 1236 1478 1299 tlertas,
1495 1248 1529 1287 ac
1542 1232 1592 1287 tibi
1608 1226 1711 1299 gloria,

1184 1321 1238 1387 Oui
1251 1337 1330 1376 unus
1344 1324 1472 1376 retinens
1486 1319 1601 1390 ournla,
1615 1315 1731 1399 italicas

1184 1412 1276 1480 Larga
1291 1403 1432 1466 eontiniia
1441 1407 1586 1482 perpetim
1597 1397 1706 1465 saecula
1718 1426 1724 1464 :

1255 1498 1314 1557 Sed
1327 1500 1403 1556 ultra
1413 1498 1487 1555 bene
1505 1493 1693 1571 prosperans.

1344 1594 1448 1645 Amen.

1438 1675 1493 1735 ura
1503 1653 1618 1734 xxvitt.

1225 1782 1252 1821 ur
1266 1780 1353 1823 rssro
1368 1767 1567 1823 abosroronuu
1578 1782 1687 1822 srscnrs
1700 1777 1732 1822 er
1745 1752 1828 1822 runa.

1404 1856 1454 1911 Art
1478 1851 1645 1925 respersa.

1149 1944 1260 2000 lauda.
1279 1945 1415 2001 Scortum
1431 1945 1519 2000 estin
1545 1941 1683 2001 tenebris.
1702 1932 1789 2001 Sertei.
1804 1943 1942 2001 Alleluia.
2041 1983 2042 2006 i

1114 2034 1147 2088 lu
1162 2049 1284 2089 omnem
1298 2038 1412 2089 terrain.
1430 2034 1533 2101 otiare
1544 2034 1599 2101 sot.
1616 2050 1740 2090 ccxxru.
2041 2015 2042 2032 ¹

1450 2119 1599 2194 Hymnus.

1222 2214 1294 2268 ltote
1305 2211 1418 2284 populi,
1436 2210 1551 2284 psallite
1565 2213 1727 2285 praepetes:

1185 2299 1278 2355 ludas
1292 2316 1361 2355 cum
1376 2288 1456 2356 socltt
1469 2291 1589 2355 Simone
1601 2293 1718 2356 caelibes

1187 2390 1219 2443 ln
1234 2388 1309 2445 lesta
1322 2388 1573 2455 radantcoetibus
1588 2376 1715 2463 inoiyiis,

1187 2478 1253 2534 lam
1269 2480 1384 2534 cunctis
1399 2463 1532 2534 tribuunt
1544 2476 1656 2551 gaudia
1672 2448 1807 2535 servulis.

1223 2569 1284 2622 l'ox
1299 2582 1366 2622 ecce
1375 2568 1496 2625 resonat
1511 2567 1655 2641 principis
1671 2556 1796 2641 ephebi;

1187 2658 1331 2712 vorantes
1344 2655 1421 2713 illico
1433 2656 1556 2723 reddite,
1569 2648 1688 2715 servuli.

1189 2746 1271 2812 Vota,
1283 2761 1348 2817 quae
1364 2745 1490 2800 Domino
1503 2730 1781 2818 procunsularia

1189 2835 1224 2890 ct
1236 2839 1369 2890 restrum
1379 2819 1526 2907 accipiant
1537 2850 1648 2890 munus
1662 2804 1802 2909 apositit.

1224 2922 1352 2991 Dignum
1363 2937 1443 2979 nunc
1452 2922 1589 2994 precibus
1605 2936 1741 2995 promere
1756 2922 1910 2979 canticum

1190 3011 1379 3084 [lignumque
1393 3014 1539 3084 Superum
1551 3008 1696 3085 stringere
1707 3009 1884 3084 Principem,

1188 3104 1241 3158 Det
1252 3102 1316 3157 suis
1326 3101 1445 3173 populis
1457 3091 1536 3157 nilne
1550 3103 1596 3174 pie
1608 3094 1746 3172 gratiani,

1188 3191 1242 3246 Det
1253 3197 1322 3261 post
1333 3178 1495 3246 aetheream
1507 3188 1651 3263 consequi
1667 3186 1797 3246 Patriam.

1189 3279 1240 3346 Ac,
1253 3294 1332 3335 nexu
1348 3280 1492 3335 scelerum
1506 3279 1570 3352 jam
1585 3280 1642 3336 sibi
1657 3278 1773 3346 tradito,

1188 3354 1424 3425 Adessevalea'ui
1440 3369 1569 3440 Principi
1585 3361 1707 3425 imilco:

1188 3458 1237 3516 Ac.
1254 3454 1378 3528 dempto
1394 3455 1518 3513 crimine
1535 3457 1650 3513 tramite
1666 3443 1776 3530 perric,

1188 3543 1286 3600 atuati
1302 3552 1444 3602 maneant
1459 3543 1512 3600 rite
1527 3540 1681 3612 paraclito,

1223 3632 1270 3687 Sic
1284 3633 1300 3688 t
1304 3634 1377 3690 udas
1387 3619 1515 3706 populos
1528 3633 1662 3698 instruat,
1675 3639 1702 3689 et
1712 3631 1814 3688 Simon

1189 3721 1251 3778 Sub
1265 3720 1383 3778 Christo
1395 3719 1514 3794 placido
1527 3705 1625 3778 eurraii
1638 3713 1800 3784 ln'tramile,

1189 3812 1313 3867 Servare
1328 3813 1441 3866 monita
1453 3811 1565 3875 legibus
1576 3811 1688 3872 indita:

1190 3900 1336 3970 Suprema
1356 3905 1386 3954 ut
1401 3899 1520 3955 valeant
1534 3903 1675 3972 consequi
1687 3900 1821 3974 praemia.

1226 3988 1268 4044 Sit
1280 3986 1358 4043 trino
1373 3989 1499 4044 Domitio
1514 3989 1609 4060 gloria
1620 3989 1708 4044 unico

1189 4076 1267 4133 Patri
1281 4093 1350 4132 cum
1363 4073 1475 4141 (lenito,
1493 4075 1553 4132 sire
1565 4069 1723 4142 Paraelito;

1190 4166 1244 4231 Oui
1255 4165 1337 4220 solus
1351 4166 1494 4221 Dominus
1505 4166 1610 4221 Triuus
1619 4154 1647 4222 et
1658 4165 1739 4223 Unus
1748 4171 1801 4233 est,

1190 4253 1375 4310 saeculorum
1396 4242 1490 4311 valide
1506 4255 1615 4311 saecula
1626 4246 1791 4321 continens,

1261 4349 1366 4399 amen.

1154 4433 1342 4503 snpplicatio.
1358 4414 1482 4488 (iremus
1497 4415 1724 4506 Redempio'reni
1738 4434 1855 4505 mundi.
1872 4440 1904 4490 ut
1918 4436 1949 4489 in

1118 4522 1195 4577 otiis.
1471 4594 1474 4600 Ι

1154 4610 1291 4680 Capitale
1307 4608 1950 4686 lleusSauelorumgior·ia,etcnpiosusmise-

1118 4697 1257 4765 ricordia;
1276 4699 1383 4753 exaaudi
1395 4704 1557 4771 supplicem
1570 4696 1617 4756 tibi
1635 4696 1753 4771 plebem
1765 4701 1950 4774 persancte·

1119 4804 1186 4844 rum
1195 4794 1221 4842 le
1230 4785 1373 4851 suffragia
1385 4787 1582 4860 postulantem
1594 4811 1600 4849 :
1611 4808 1677 4858 rege
1692 4807 1747 4845 nos
1758 4791 1948 4862 peralternas

1118 4883 1288 4950 temporum
1298 4876 1682 4950 vices,etdisparesdieru1n
1693 4862 1728 4935 ac
1759 4862 1948 4936 octiumsuc·

1118 4952 1665 5036 cessionesparipr·otectiorrecustorii:
1682 4895 1813 5042 uiafljuti
1827 4975 1949 5025 sancto·

1118 5043 1947 5130 caminorumsrmonrsertndaeapostotoruilrpcecicus,

1118 5146 1171 5218 qui
1184 5146 1264 5202 diem
1277 5147 1355 5202 huuc
1370 5163 1423 5217 per
1438 5141 1647 5200 misecordiam
1669 5125 1848 5290 pinapeium
1863 5146 1949 5202 drisi-

1119 5251 1204 5302 mus;
1215 5242 1333 5292 noctem
1345 5251 1466 5308 quoque
1479 5237 1557 5289 lianc
1566 5233 1705 5306 placitam
1717 5226 1737 5290 ti
1754 5230 1770 5290 'i
1779 5224 1948 5292 altimarum

1118 5329 1147 5380 et
1161 5341 1320 5395 corporum
1336 5327 1461 5398 puritate
1474 5324 1632 5381 ducamus.

1154 5412 1240 5470 Pater
1255 5419 1362 5470 noster.
1382 5417 1413 5470 ct
1428 5429 1465 5468 ne
1480 5430 1546 5470 nos.
1565 5413 1688 5470 Liberali
1705 5400 1824 5470 amala
1840 5415 1897 5483 fni.
1917 5418 1945 5468 2.

1153 5501 1328 5561 Benedictio.
1341 5506 1519 5561 Sanctorum
1538 5507 1662 5562 suorum
1682 5503 1844 5562 Simunlset
1859 5503 1947 5560 luda
