4117 6175
121 256 175 313 ese
773 210 777 217 ¹
866 248 1029 311 cartica
1377 275 1380 284 ·
1776 256 1829 315 eoo

155 378 191 437 ut
211 378 298 437 erunt
323 375 422 451 praba
446 375 479 435 in
503 376 617 436 direota
631 393 639 435 s
652 378 682 436 et
702 391 810 452 mpero
833 376 866 435 in
878 375 984 435 riusa
1035 374 1181 436 Dominus
1193 376 1269 435 siout
1281 376 1365 436 iouis
1377 376 1545 451 egredietur
1562 380 1695 439 :etsiout
1706 378 1829 454 sirper-

119 467 238 542 planas.
998 464 1086 524 liator
1100 465 1370 525 suseitabiineium.

152 558 186 615 at
197 554 379 613 revelabitur
401 554 498 628 gloria
511 555 649 614 Domini:
666 558 697 614 et
719 554 832 612 videbit
844 553 946 614 omnis
1034 552 1244 614 vociferabitur
1254 557 1282 613 et
1296 554 1440 614 clamabit
1450 572 1456 613 :
1466 558 1495 613 at
1507 556 1745 630 superinimioos
1755 572 1828 618 suos

119 660 188 705 earo
205 643 318 718 pariter
330 642 414 718 quod
425 644 483 702 hoa
497 644 615 703 Domini
630 644 768 705 loentum
782 645 837 701 est.
998 642 1226 701 oonlortabitur.

155 735 217 791 vox
229 731 356 791 dioeutis
370 731 490 792 clama:
505 736 536 792 et
544 732 609 791 dixi
621 732 697 807 quid
706 730 856 790 clamabo.
1034 732 1123 790 Teoui
1146 746 1265 806 semper
1283 730 1351 789 silui
1373 733 1490 807 patiens
1508 731 1552 790 tui
1575 750 1582 787 ε
1607 732 1684 791 siout
1706 734 1828 807 pariens

155 820 260 879 Omnis
273 835 346 879 earo
368 820 472 880 tenum
488 824 538 879 :et
555 820 656 880 omnis
669 819 844 893 gloriosius
857 820 946 893 quasi
999 819 1116 894 loquar.

120 909 265 981 llosagn.
1035 907 1191 982 Dissipabo
1205 908 1415 969 etobssrbeho
1442 909 1531 968 simut
1558 908 1693 969 desertos
1717 908 1828 968 laoiem

155 999 191 1055 et
203 997 350 1056 siooatum
362 998 518 1057 estieuum
531 1002 561 1059 st
574 998 747 1058 oeoidittlos
760 1014 768 1055 :
781 997 948 1072 quiaspiri·
998 1000 1118 1055 montes
1140 1000 1170 1055 et
1192 996 1282 1056 oolles
1298 1014 1306 1055 ε
1322 1001 1351 1056 et
1364 1012 1454 1057 omne
1480 1012 1605 1073 germen
1627 1013 1734 1057 sorum
1749 998 1826 1056 exio-

122 1090 170 1148 tns
181 1086 302 1145 llomini
315 1086 450 1145 sufflabit
465 1086 496 1144 in
510 1102 556 1145 eo.
999 1086 1088 1149 oabo.

156 1177 230 1233 vers
243 1173 347 1233 lenum
361 1178 407 1234 est
428 1176 558 1249 populus
578 1179 608 1234 et
619 1178 765 1235 siooatum
778 1178 824 1234 est
843 1176 945 1233 tenum
1034 1177 1148 1232 Ponam
1162 1175 1290 1235 flumina
1302 1175 1335 1232 in
1348 1174 1477 1233 insulas:
1494 1177 1640 1245 etstagua
1652 1173 1824 1233 erelaoiam.

120 1266 150 1323 at
163 1262 269 1323 eeoidit
283 1263 340 1322 ilos
353 1284 360 1325 :
380 1264 508 1323 verbum
519 1268 627 1323 autem
654 1265 772 1325 Domini
787 1264 839 1323 liei
852 1264 947 1322 nostri
1035 1266 1067 1321 lit
1080 1264 1229 1323 deduoem
1241 1278 1328 1339 oeuoa
1338 1264 1370 1321 in
1379 1264 1461 1322 uiam
1473 1279 1569 1337 quam
1582 1262 1721 1321 nesoiunt
1733 1281 1739 1318 :
1751 1266 1779 1321 ot
1794 1262 1825 1319 iu

122 1352 212 1412 stabit
223 1352 415 1413 insternum.
999 1352 1114 1411 semitis
1139 1368 1218 1426 quas
1228 1352 1445 1424 ignoraberunt
1459 1351 1615 1410 ambulare
1630 1366 1682 1409 eos
1704 1350 1824 1409 latiam.

156 1444 251 1515 Super
264 1447 401 1501 montem
415 1441 567 1501 exoelsum
575 1443 705 1501 ascende
716 1443 811 1517 tuqui
820 1456 946 1515 evange·
1034 1441 1147 1499 Ponam
1161 1440 1298 1499 tenebras
1312 1455 1416 1499 soram
1437 1440 1481 1497 eis
1494 1439 1525 1498 in
1539 1439 1604 1497 tuse
1620 1455 1628 1494 ε
1643 1442 1672 1497 ot
1689 1452 1783 1512 prave
1794 1438 1825 1496 in

117 1532 189 1590 liras
205 1533 287 1606 syon
298 1531 398 1591 exalta
412 1530 444 1590 iu
458 1531 629 1590 tortitudine
650 1546 756 1591 voeem
769 1539 874 1593 tuam:
894 1531 947 1605 qui
999 1534 1092 1591 reeta.

118 1620 305 1692 evangelizas
320 1620 507 1678 iherusalem
521 1619 620 1678 exalta
632 1625 660 1679 et
673 1619 737 1678 noli
750 1620 875 1678 timere:
898 1620 947 1679 dio
1390 1620 1434 1675 lli.

117 1707 388 1775 eivitatihustuda,
403 1724 472 1767 eeoe
495 1711 573 1767 lleus
590 1712 696 1767 vester.
962 1723 985 1781 B
1126 1744 1131 1751 -
1207 1722 1343 1765 esuriens
1362 1722 1450 1763 usura
1464 1720 1617 1765 rnoruara.

503 1832 561 1891 vn·
1316 1794 1504 1865 crassatore.

1034 1886 1108 1943 Ana.
1126 1884 1305 1952 Consulatus
1317 1889 1359 1941 est
1369 1882 1510 1941 Dominus
1520 1882 1665 1954 poputum
1676 1896 1763 1939 saum
1778 1887 1824 1938 :et

327 1972 464 2019 “mm
482 1973 735 2017 Wssl’lffl’fflss·
996 1986 1287 2046 puaperumsaorurt
1299 1970 1495 2030 miserebitur.

152 2067 228 2123 Ana.
238 2065 317 2123 Eece
331 2064 473 2123 Domimo
481 2066 514 2122 in
530 2065 714 2137 fortitudine
726 2066 825 2124 ueniet
834 2069 863 2125 et
878 2064 946 2124 tro·
1034 2064 1093 2121 lieo
1102 2060 1175 2121 dioit
1187 2060 1331 2121 Dominus
1342 2058 1492 2119 redemtor
1502 2057 1605 2117 srahel
1614 2056 1824 2142 mnohmeius:

119 2154 352 2213 οἱοοιοίωοοοο
369 2153 577 2214 dominatione.
999 2148 1284 2209 adooutemtibilem
1299 2148 1432 2207 animam
1442 2151 1471 2205 et
1483 2146 1690 2207 abominatam
1706 2148 1826 2215 sentem

156 2244 232 2300 Eoos
244 2242 387 2301 Dominus
400 2243 480 2301 Deus
488 2242 520 2301 in
530 2242 705 2302 tortitudine
720 2242 817 2317 vemet
832 2241 947 2301 :ethre
999 2238 1040 2297 ad
1054 2252 1176 2298 servum
1187 2237 1391 2297 dominorum.

120 2330 205 2389 oium
222 2332 284 2389 eius
297 2331 516 2391 dominabitur.
1035 2328 1129 2400 Reges
1142 2325 1285 2385 videbunt
1306 2328 1336 2383 et
1348 2326 1530 2395 consurgent
1543 2320 1695 2396 principes
1711 2322 1741 2381 et
1752 2319 1826 2378 ado-

155 2422 232 2498 Εοοο
246 2435 363 2480 meroes
374 2421 440 2481 eius
454 2436 523 2480 oum
537 2436 596 2481 eo:
613 2422 731 2495 etopus
753 2419 832 2479 illius
843 2434 947 2481 eoram
998 2414 1111 2475 rabum
1123 2418 1246 2490 propter
1264 2412 1425 2472 Dominum
1435 2411 1509 2486 quia
1517 2410 1614 2470 tidelis
1626 2414 1692 2469 ests
1707 2412 1826 2468 etsano-

119 2509 201 2584 ipso.
1000 2508 1049 2564 tus
1062 2504 1165 2565 srahel
1182 2504 1236 2578 qui
1254 2504 1341 2576 elegit
1353 2506 1392 2561 to.

155 2598 239 2658 Siout
250 2602 357 2674 pastor
372 2614 495 2673 gregem
520 2614 611 2659 suum
634 2598 819 2673 pasotrem
843 2598 948 2658 braoio
1037 2596 1095 2652 lieo
1106 2593 1177 2651 dioit
1190 2593 1343 2663 Dominus,
1361 2595 1494 2663 temporo
1506 2588 1616 2661 plaoito
1625 2584 1769 2646 exaudibi
1781 2588 1825 2643 to:

118 2702 176 2746 suo
186 2688 384 2765 oougregahit
395 2703 492 2763 agnos
504 2688 576 2747 etin
591 2685 859 2748 stuusuolerabit:
872 2686 949 2745 tetes
1001 2683 1030 2741 et
1043 2682 1075 2740 in
1087 2681 1133 2741 die
1143 2681 1246 2740 salutis
1264 2678 1425 2739 auxiliatus
1436 2692 1504 2733 eum
1522 2675 1576 2734 tui.

119 2777 186 2851 ipse
204 2776 347 2850 portabit.
1037 2772 1071 2829 ut
1085 2769 1243 2828 serbabiet
1254 2766 1324 2825 dedi
1334 2770 1364 2824 to
1375 2764 1407 2823 in
1421 2763 1509 2821 ledus
1521 2762 1625 2837 populi
1637 2778 1644 2819 :
1657 2765 1690 2819 ut
1703 2760 1827 2817 suseita-

154 2865 229 2933 ouis
242 2880 369 2925 mensus
382 2869 427 2925 est
447 2865 564 2940 pugillo
577 2880 676 2940 aquas
692 2867 739 2926 :et
751 2862 831 2923 oetos
844 2863 948 2939 palmo
1000 2870 1050 2916 rea
1063 2860 1174 2916 terrant
1188 2857 1216 2913 et
1225 2853 1395 2929 possideres
1409 2850 1588 2909 hereditates
1597 2848 1758 2921 dispersas.

118 2953 313 3028 ponderabit.
1038 2944 1195 3005 Uidioeras
1209 2944 1257 3002 hie
1271 2942 1321 3017 qui
1334 2942 1505 3000 vinohsunt
1518 2938 1613 2997 exite:
1629 2934 1714 2995 ethis
1727 2934 1826 3009 quiin

155 3044 230 3111 ouis
253 3042 399 3119 appendit
426 3041 523 3102 trihus
538 3041 640 3118 digitis
665 3042 776 3103 molem
801 3046 878 3102 terre
897 3045 985 3126 :etg
1000 3033 1133 3098 tenebris
1145 3037 1216 3094 sunt
1224 3030 1409 3092 revelamini·

117 3130 243 3190 librabit
252 3132 283 3190 in
297 3130 431 3206 pondere
437 3136 556 3209 montes
569 3135 599 3190 et
615 3131 707 3190 oolles
716 3132 748 3189 iu
762 3131 895 3190 steterat
1038 3127 1134 3200 Super
1146 3125 1210 3184 vias
1228 3125 1390 3198 pesoeutur
1405 3137 1412 3177 :
1426 3122 1455 3176 et
1469 3118 1500 3178 iu
1515 3117 1656 3178 omnibus
1668 3113 1827 3190 plauispa-

156 3220 231 3288 ouis
243 3219 362 3278 adiubit
375 3220 515 3297 spiritum
538 3219 658 3280 Domini
672 3237 679 3278 ε
695 3224 746 3280 eut
765 3220 833 3294 quis
850 3220 949 3278 oonsi-
1001 3229 1076 3274 seue
1087 3228 1203 3273 eorum.

117 3309 225 3369 liarius
238 3309 303 3368 eius
320 3309 376 3368 init
390 3313 420 3370 et
434 3309 565 3369 ostendit
578 3309 647 3368 init
1037 3307 1103 3363 Nou
1117 3301 1247 3361 esuriant
1259 3313 1357 3374 neque
1370 3296 1470 3357 sitient
1488 3300 1517 3353 et
1539 3309 1601 3353 non
1618 3292 1764 3369 percutiet
1775 3307 1827 3350 eos

154 3399 256 3466 ouum
274 3413 336 3473 quo
363 3381 553 3472 inidilbrte,
576 3395 653 3472 iniit]
675 3395 834 3456 eonsilium
855 3399 886 3455 et
898 3396 947 3455 in-
1001 3397 1082 3454 sstua
1096 3395 1126 3450 et
1138 3389 1183 3450 sol
1200 3389 1290 3462 :quia
1303 3386 1575 3446 miseratoroorum
1587 3385 1670 3454 reget
1684 3395 1737 3437 eos
1752 3377 1828 3438 etad

116 3486 229 3545 struxit
241 3501 330 3555 eum;
348 3489 377 3544 et
398 3486 500 3545 doeuit
522 3501 592 3544 eum
619 3485 758 3544 semitam
776 3484 884 3544 iustitie
896 3502 904 3554 ;
918 3489 948 3545 et
1000 3481 1099 3541 lauhs
1107 3492 1256 3554 aquarum
1269 3473 1386 3549 potabit
1399 3471 1476 3530 illos.

116 3574 253 3634 erudibit
267 3591 336 3634 eum
351 3574 475 3635 seientia
489 3595 497 3638 ε
510 3574 629 3634 etaiam
644 3573 802 3648 prudentie
818 3573 948 3634 ostendit
1016 3635 1020 3641 ,
1036 3572 1071 3628 lit
1084 3583 1197 3643 ponam
1211 3579 1317 3623 omnes
1324 3563 1443 3620 montes
1460 3573 1544 3618 meos
1556 3557 1588 3616 in
1598 3557 1645 3616 via
1660 3573 1667 3615 :
1683 3559 1712 3614 et
1722 3554 1826 3614 semite

114 3663 171 3723 illi.
1000 3655 1307 3719 moeexaltabuutur.

152 3755 229 3811 liooe
240 3755 343 3824 genus
354 3752 445 3827 quasi
457 3752 535 3811 stilla
548 3752 636 3811 situle
648 3768 656 3806 ι
666 3756 696 3810 at
707 3751 797 3826 quasi
810 3766 947 3811 momen·
1036 3749 1109 3806 Eooe
1123 3745 1171 3803 isti
1186 3737 1445 3814 delongsvenient
1458 3740 1486 3795 et
1499 3751 1566 3796 eoos
1579 3733 1621 3794 illi
1630 3734 1670 3793 ab
1682 3733 1826 3808 Aquilone

114 3840 586 3914 tuminstatarereputetosunt.
1000 3840 1030 3896 et
1042 3835 1139 3894 mari:
1160 3836 1189 3892 et
1202 3831 1250 3890 isti
1263 3831 1301 3888 de
1315 3834 1393 3887 terra
1404 3823 1537 3886 australi.

152 3932 229 3987 Faue
240 3929 338 3988 insule
348 3929 438 4004 quasi
448 3929 548 4003 pulvis
560 3929 687 4002 exiguus
705 3932 735 3985 et
747 3928 946 3988 Libanusnon
1038 3923 1170 3983 Laudme
1188 3920 1243 3980 oeli
1252 3923 1280 3978 et
1292 3917 1393 3978 exulta
1402 3921 1490 3984 terra,
1501 3913 1624 3973 iubilate
1634 3916 1752 3973 mentm
1761 3911 1827 3969 leu-

116 4019 248 4077 sufficiet
261 4018 302 4078 ad
315 4017 562 4077 suooendendum
576 4039 583 4080 :
599 4023 629 4076 et
647 4015 794 4076 animabo
807 4016 872 4075 eius
884 4031 946 4076 uon
1000 4014 1071 4072 dem
1084 4029 1091 4069 r
1105 4010 1178 4086 quia
1190 4007 1363 4068 consolatus
1372 4009 1418 4064 est
1425 4003 1570 4062 Dominus
1581 4001 1728 4076 populum
1735 4015 1825 4058 suum

117 4107 273 4166 sniiioient
286 4108 326 4167 ad
339 4107 559 4165 holocaustum.
1000 4105 1031 4161 et
1041 4114 1208 4176 pauperum
1221 4111 1345 4156 suorum
1360 4091 1559 4152 miserebitur.

154 4195 944 4270 omnesgentsaquasinonsintsioeunteorameo:
1018 4267 1021 4273 1
1391 4185 1429 4240 X·

113 4283 236 4358 [uun]
248 4284 377 4358 etquasi
395 4283 520 4343 uioilum
540 4289 570 4343 et
596 4285 686 4342 inane
713 4284 850 4356 reputate
864 4285 944 4340 sunt.
1201 4288 1339 4358 einricus
1353 4287 1440 4330 asara
1464 4284 1617 4330 rnorem.

1313 4359 1453 4432 capuae
1468 4362 1511 4416 51.

501 4409 571 4465 vm·
962 4420 985 4477 Β
1035 4457 1113 4513 lna.
1129 4454 1218 4513 Sotae
1236 4466 1299 4512 mea
1310 4451 1341 4508 ia
1356 4449 1562 4522 senpiternam
1571 4444 1638 4512 erit,
1647 4444 1720 4504 dicit
1728 4444 1825 4501 Domi-

322 4527 460 4572 “mm
478 4528 567 4571 ’Μ
585 4527 754 4608 mmm&
998 4559 1066 4613 aas,
1080 4549 1108 4603 et
1121 4541 1240 4600 iustitio
1252 4553 1316 4600 msa
1330 4539 1364 4596 iu
1377 4537 1563 4612 amotione
1584 4539 1612 4592 et
1620 4534 1823 4607 ueneratione.

436 4619 577 4691 Capitate
590 4621 635 4676 tu.
1034 4631 1191 4690 Adtendite
1208 4629 1249 4688 ad
1260 4643 1310 4686 me
1331 4625 1443 4703 popule
1461 4639 1570 4684 meus:
1595 4626 1625 4680 et
1644 4621 1743 4682 tribus
1755 4635 1823 4678 mee

151 4726 278 4786 Cantste
291 4725 580 4785 Dominooantioum
593 4723 710 4782 nobum
721 4741 729 4780 ι
741 4722 809 4782 laus
820 4723 884 4782 eiua
903 4722 943 4782 ab
997 4736 1048 4781 me
1062 4719 1173 4780 audite.

111 4815 258 4875 extremis
272 4818 371 4873 ιοποο.
1034 4809 1109 4879 Quia
1122 4807 1170 4867 lex
1190 4823 1210 4866 a
1227 4821 1276 4866 me
1295 4805 1432 4865 exietret
1443 4801 1587 4863 tudinium
1601 4812 1700 4858 meum
1711 4795 1744 4853 in
1757 4795 1823 4853 luce

148 4899 812 4974 Quidesoenditisinmarestplenitudoeius
827 4899 942 4958 :maula
997 4895 1369 4974 populorumrequiesoet.

109 4997 143 5051 et
160 4991 350 5050 habitatores
361 5006 479 5054 earum.
1034 4987 1131 5064 Prope
1143 4989 1189 5045 est
1207 4985 1303 5042 iustus
1317 4997 1403 5042 meus
1423 4985 1452 5040 et
1463 4992 1603 5053 egressus
1622 4978 1668 5033 est
1690 4972 1824 5034 salbator

150 5079 331 5138 sublebetur
340 5079 492 5138 desertum
505 5081 535 5138 et
547 5076 679 5136 eivitates
693 5076 757 5134 eius
771 5092 778 5132 :
795 5075 828 5132 in
848 5075 943 5135 domi·
998 5091 1086 5136 meus
1098 5093 1105 5132 ε
1117 5079 1146 5134 et
1162 5069 1482 5146 breciameapopulos
1498 5063 1684 5124 iudicabunt.

109 5169 176 5226 bus
195 5166 460 5226 hahiubitcedar.
1036 5167 1079 5222 lle
1091 5165 1171 5222 euim
1185 5159 1283 5220 insule
1295 5158 1511 5234 expectabunts
1526 5157 1555 5212 et
1569 5151 1706 5211 bracium
1720 5163 1824 5208 meum

150 5255 285 5316 Laudato
298 5271 370 5314 eum
380 5254 564 5314 habitatores
573 5258 686 5328 petrea:
703 5252 855 5312 devertioe
864 5266 945 5311 mon·
1000 5251 1195 5310 sustinebunt.

111 5345 196 5406 tium
210 5343 348 5404 clamate.
1037 5339 1144 5400 hebete
1169 5339 1198 5396 in
1215 5338 1314 5397 seium
1331 5335 1434 5398 oeulos
1447 5336 1578 5392 vestros:
1604 5334 1632 5389 et
1655 5328 1753 5388 videte
1769 5326 1826 5386 suh

153 5433 273 5500 Ponant
291 5433 420 5493 Domino
434 5431 581 5506 gloriam
602 5435 630 5492 et
642 5429 765 5502 laudem
779 5430 842 5496 eius
857 5429 888 5488 in
903 5429 947 5492 in·
1000 5433 1081 5490 terra
1093 5428 1244 5486 deorsum.

111 5523 195 5606 aulis
209 5523 402 5604 nuntiabunt¹
1038 5517 1115 5612 quit
1131 5515 1272 5578 eelisiout
1291 5515 1393 5594 lupus
1414 5513 1580 5611 liqutseent
1598 5513 1627 5590 tri
1652 5512 1732 5591 letti
1749 5504 1827 5586 iiiiii
