4117 6175
87 226 140 285 713
484 220 520 277 IN
537 222 549 277 1
568 220 627 277 DIE
638 220 860 278 tatonreaott
879 217 971 281 ANTE
991 222 1132 283 FESTUM
1153 226 1187 288 S.
1211 228 1394 289 cremant.
1734 244 1787 303 714

87 365 186 407 serere
201 366 208 416 ;
221 348 295 422 quia
312 346 498 419 peccavimus
514 345 576 401 tibi.
598 345 631 410 tt.
655 344 702 400 Ad
725 349 752 401 te
775 344 912 401 lavamus
928 346 952 402 Α
968 346 1021 403 sad
1042 348 1192 423 relinques
1207 352 1342 422 advenae,
1355 356 1469 428 pupillo
1480 360 1633 419 acviduee.
1647 364 1790 424 Sivinde·

86 438 186 495 oeulos
195 442 323 501 nostros,
339 436 392 509 qui
406 434 523 491 habitas
540 435 571 490 in
583 433 675 490 coehs.
688 434 720 489 P.
737 432 910 490 Misericors.
965 435 1105 494 miaveris
1113 439 1232 497 vineam
1242 446 1336 513 tuam,
1348 458 1408 501 non
1419 445 1538 517 coDigcs
1546 458 1734 512 remanentes
1743 472 1790 515 ra·

84 527 118 589 v.
134 527 232 584 Gloria
241 530 269 582 et
279 527 385 583 honor.
397 536 430 596 tp.
445 524 588 581 Miserere.
965 538 1077 592 cemos,
1092 527 1145 583 sed
1160 528 1267 586 cedent
1280 529 1311 586 in
1322 546 1397 587 usus
1414 533 1454 589 ad
1468 548 1552 591 vena
1573 540 1731 611 pnpilliae
1745 542 1790 599 vt.

119 616 232 673 Preces.
246 615 388 671 Dicamus
398 628 503 669 omnes
518 630 524 669 :
541 611 704 684 Propitiere
727 610 841 685 populo
857 615 910 670 tuo
964 611 1043 669 dua.
1059 616 1204 673 Memento
1218 617 1300 690 quod
1312 623 1344 675 ιιι
1356 636 1458 677 ιιιιιιι
1468 636 1534 679 eras
1549 624 1578 681 in
1591 628 1727 705 AEgypt0‚
1742 629 1791 687 id.

83 704 198 763 Christe
217 702 271 771 31³.
293 704 327 758 at
349 702 500 758 miserere.
523 700 555 764 tt.
575 699 697 757 intende
719 700 828 757 nostris
842 703 911 757 tan·
964 699 1253 776 circopraecipiotibi
1266 710 1298 763 ut
1311 706 1649 770 faciashancrem.Non
1664 714 1791 774 habebis

81 792 300 867 domprecibus
315 812 323 847 ι
336 790 528 862 intendejam
544 789 690 862 propitius
706 808 713 857 ;
731 792 762 845 Ρ.
779 792 813 847 Et
822 790 910 846 mise·
963 788 995 845 in
1009 791 1129 848 sacculo
1142 792 1263 851 diversa
1274 796 1410 869 pondera
1425 798 1546 871 :majus
1565 805 1593 858 et
1608 802 1725 860 minus:
1736 820 1792 862 nec

80 896 156 938 rcrc.
172 880 203 941 1.
216 883 274 937 Νοι
286 878 489 951 peccavimus,
510 890 566 934 nos
579 875 682 949 inique
702 875 830 948 egimus,
850 892 907 935 nos
962 877 1016 934 erit
1028 878 1161 939 indomo
1174 886 1226 938 tua
1237 884 1357 941 modius
1376 886 1474 958 major
1488 891 1517 944 et
1536 889 1653 951 minor:
1670 893 1791 965 pondua

79 969 171 1041 impie
193 967 364 1039 gessimus:
384 966 417 1022 P.
439 968 474 1021 Et
487 965 627 1023 miserere
640 965 671 1030 t.
693 966 797 1022 everte
819 966 905 1037 iram,
962 964 1102 1039 habebis]
1108 972 1205 1027 ustum
1222 974 1251 1029 et
1262 988 1376 1046 verum,
1393 980 1422 1031 et
1434 975 1553 1033 modius
1566 974 1729 1051 squalleat
1742 997 1790 1038 ve-

80 1063 108 1114 ct
117 1056 198 1113 dona
209 1055 430 1127 indulgentiam
443 1070 512 1111 cum
527 1055 628 1111 vuitus
641 1054 683 1112 tui
698 1056 794 1129 gratia
806 1072 814 1122 ;
829 1055 859 1110 P.
873 1054 909 1113 Et
961 1071 1012 1112 rus
1027 1056 1082 1112 erit
1094 1056 1145 1113 tibi
1158 1072 1165 1113 :
1177 1062 1209 1115 ut
1220 1060 1305 1118 vives
1316 1063 1410 1119 multo
1421 1068 1554 1137 tempore
1563 1082 1653 1139 super
1665 1076 1787 1143 terram,

80 1144 230 1201 miserere.
242 1142 274 1205 it.
288 1142 461 1214 Apeccatis,
474 1156 509 1198 ac
521 1140 637 1201 delictis
656 1142 767 1200 nostris
780 1142 907 1215 purifica
960 1159 1055 1217 quam
1072 1145 1216 1202 Dominus
1231 1148 1308 1206 Deus
1323 1154 1391 1207 tuus
1405 1150 1519 1209 dederit
1536 1154 1600 1213 tibi.
1609 1164 1751 1227 pumen.

80 1248 135 1289 nos
147 1232 273 1289 Domine
279 1250 290 1303 ;
301 1234 331 1287 P.
340 1232 373 1288 Et
383 1231 533 1287 miserere.
995 1232 1167 1303 Propterea.
1180 1236 1286 1293 Audite
1300 1238 1353 1311 qui
1362 1238 1536 1311 longeestis.
1546 1242 1603 1313 sot.
1614 1244 1660 1301 71.

116 1321 233 1379 Oratio·
252 1320 378 1378 Benefac
393 1319 518 1377 Domine
532 1318 632 1376 bonis·
645 1322 679 1375 73
995 1322 1153 1395 Sequentia
1173 1325 1316 1397 Epistola
1339 1329 1427 1386 Puati
1440 1332 1569 1402 Apostoli
1580 1334 1621 1391 ad
1643 1336 1783 1397 romanos

114 1410 289 1468 Benedictio
300 1409 423 1467 dicatur
430 1410 498 1474 itta,
510 1422 575 1482 que
585 1408 699 1464 dieitur
706 1408 739 1464 in
748 1407 842 1466 Serta
852 1422 907 1479 per

83 1504 174 1557 totam
191 1511 317 1557 annum.

400 1586 444 1643 ld
454 1586 584 1644 Nonum.

1318 1416 1404 1489 (Cap.
1422 1428 1485 1489 ιιι.)

996 1526 1028 1588 tp.
1045 1516 1106 1575 Deo
1124 1519 1233 1590 gratia.

995 1604 1121 1677 Fratres,
1143 1608 1275 1667 Obsecro
1289 1626 1341 1667 vos
1355 1626 1408 1685 per
1422 1611 1660 1673 misericordiam
1673 1616 1735 1687 Dei,
1756 1622 1789 1677 ut

114 1696 293 1768 Propterea.
307 1694 494 1760 Filicustodi
513 1710 667 1751 sermones
681 1709 775 1751 meos.
786 1694 846 1765 [οι.
861 1696 905 1751 ιι.
924 1690 946 1747 Β
960 1691 1123 1751 exhibeatis
1137 1712 1262 1769 corpora
1275 1702 1376 1757 vestra
1390 1699 1518 1758 hostiam
1541 1702 1702 1773 viventem,
1719 1724 1787 1766 ean-

113 1787 209 1842 lectio
220 1785 292 1842 libri
299 1784 523 1843 neate-onoma
531 1783 620 1855 (dap.
635 1798 719 1840 xxrn.
734 1798 812 1849 xnv,
822 1783 905 1854 xxv).

115 1886 149 1943 tt·
166 1874 226 1931 Deo
241 1874 363 1945 gratim.

115 1966 148 2019 ln
161 1962 219 2019 illis
231 1961 329 2019 debus
346 1979 354 2015 ε
371 1963 497 2019 Locutus
509 1965 554 2017 est
567 1959 766 2017 Dominus'ad
774 1962 904 2032 lloyseu,

80 2050 201 2111 dicens:
217 2053 351 2124 Loquere
361 2050 432 2107 filiis
449 2049 551 2115 israel,
563 2054 593 2106 et
606 2049 688 2105 dices
702 2048 742 2105 ad
753 2062 806 2105 eos
822 2064 829 2104 :
844 2050 906 2119 ligo

81 2140 223 2197 Dominus
231 2141 310 2197 Deus
318 2145 422 2197 vester.
430 2143 494 2197 lton
503 2138 611 2196 offeres
623 2137 793 2195 mercedem
800 2136 906 2210 prosti-

80 2228 148 2297 buli,
161 2244 217 2285 nee
231 2228 361 2301 pretium
377 2227 485 2295 carnis,
496 2228 527 2284 in
540 2227 633 2283 domo
642 2226 694 2283 Dei
708 2226 761 2282 tui.
779 2229 843 2283 Non
853 2224 906 2281 ἰσι-

81 2316 290 2377 nerabistratri
305 2320 355 2374 tuo
369 2317 410 2373 ad
420 2331 545 2373 usuram
561 2316 794 2387 pecuniam,nec
805 2314 905 2385 trugas

82 2421 134 2461 nec
144 2404 311 2478 quamlibet
322 2404 407 2462 aliam
419 2420 483 2461 ram
495 2420 501 2461 :
514 2404 564 2460 sed
573 2403 682 2460 alieno.
698 2403 789 2460 Fratri
804 2407 905 2460 autem

83 2499 132 2550 tuo
145 2494 259 2568 absque
274 2508 376 2559 usura,
390 2493 422 2549 id
437 2492 521 2566 quod
534 2492 657 2563 indiget,
672 2490 881 2550 commodabis
895 2511 902 2551 :

84 2581 278 2639 urbenedicat
287 2581 339 2637 tibi
350 2580 495 2638 Dominus
504 2580 582 2635 Deus
595 2584 663 2636 tuus
674 2580 704 2635 in
718 2579 802 2637 omni
814 2594 904 2651 opere

960 1784 1051 1848 ctam,
1069 1782 1128 1839 Deo
1156 1783 1336 1857 placentem,
1351 1788 1529 1847 rationabile
1539 1790 1721 1865 obsequium
1736 1810 1786 1853 ve·

959 1874 1064 1926 suum.
1076 1872 1110 1926 Et
1120 1871 1210 1929 nolite
1223 1874 1406 1934 conformari
1418 1876 1489 1934 huic
1499 1880 1619 1949 seculo,
1631 1881 1786 1939 sedrelor-

959 1958 1120 2016 maminiiu
1128 1961 1256 2019 novitate
1266 1966 1466 2023 sensusvestri
1477 1983 1484 2023 :
1495 1968 1661 2041 utprobetis
1669 1984 1738 2043 quaa
1748 1970 1786 2029 sit

958 2047 1099 2105 voluntas
1109 2049 1170 2117 Dei,
1183 2066 1245 2125 quo
1259 2057 1304 2111 cst
1315 2052 1469 2126 placitum,
1480 2061 1509 2113 et
1523 2057 1698 2129 perfectum.
1714 2060 1784 2116 Dico

959 2134 1042 2193 enim
1051 2152 1104 2209 per
1112 2138 1312 2214 gratiamque
1323 2142 1395 2200 data
1404 2143 1527 2201 estmihi
1536 2144 1568 2201 in
1579 2146 1719 2203 omnibns
1731 2147 1784 2221 qui

960 2228 1030 2280 sunt
1044 2224 1205 2284 intervos:
1220 2231 1284 2285 Non
1299 2228 1367 2302 plus
1382 2246 1487 2304 sapere
1501 2247 1595 2306 quam
1608 2237 1725 2307 oportet
1739 2250 1785 2293 sa-

959 2327 1040 2384 pere,
1050 2314 1103 2370 sed
1112 2330 1217 2389 sapere
1229 2317 1269 2373 ad
1282 2318 1471 2379 sobrietatem
1484 2325 1528 2379 :et
1541 2322 1701 2396 unicuique
1709 2322 1785 2382 sicut

959 2403 1037 2458 Deus
1047 2402 1151 2460 dividit
1161 2420 1335 2463 mensnram
1345 2406 1427 2475 fidei,
1437 2409 1517 2467 Sicut
1527 2410 1785 2470 eniminuuocor-

959 2490 1786 2569 pore,multamembrahabemus,omniaautemmembra

959 2579 1168 2637 noneumdem
1174 2586 1274 2639 actum
1283 2582 1397 2641 habent
1408 2586 1463 2641 :ita
1471 2586 1558 2643 multi
1567 2603 1662 2645 unum
1677 2605 1784 2662 corpus

83 2674 133 2726 tuo
143 2670 173 2726 in
189 2677 310 2737 terram,
322 2669 362 2726 ad
375 2685 469 2743 quam
482 2667 657 2739 ingredieris
667 2666 899 2741 possidendam.

84 2759 153 2814 Cum
164 2759 390 2815 voverisvotum
398 2761 459 2814 Deo
467 2761 528 2821 tuo,
539 2771 601 2812 non
611 2755 745 2813 tardabis
754 2755 879 2812 reddere
896 2773 903 2811 :

960 2681 1067 2721 sumus
1088 2667 1120 2723 in
1147 2668 1271 2737 Christo,
1298 2670 1406 2742 singuli
1431 2676 1533 2729 autem
1558 2674 1632 2731 altar
1664 2676 1785 2733 alterim

959 2753 1109 2813 membra.
1131 2756 1281 2815 Habentes
1299 2762 1400 2815 autem
1414 2760 1591 2817 donationes
1618 2763 1785 2821 secundum

81 2846 152 2918 quia
160 2846 367 2920 requiretillud
381 2845 527 2903 Dominus
540 2848 616 2902 Deus
627 2850 697 2902 tuus
714 2848 761 2901 :et
770 2844 796 2900 si
808 2858 906 2901 mora·
959 2842 1097 2912 gratim,
1123 2858 1191 2915 quae
1215 2845 1284 2902 data
1304 2848 1349 2902 est
1370 2846 1465 2913 vohis,
1488 2846 1659 2906 differenter
1681 2868 1691 2922 ;
1721 2850 1785 2908 aive

83 2938 129 2989 tus
140 2934 237 3003 tueris,
247 2934 434 3007 reputabitur
443 2932 496 2991 tibi
505 2934 536 2989 in
548 2937 716 3005 peccatum.
727 2931 757 2989 Si
772 2931 903 2989 nolueris
958 2934 1060 2987 autem
1074 2931 1264 3004 prophetiam
1289 2934 1457 2992 secundum
1482 2936 1609 3008 gratiam
1624 2936 1705 3007 fidei,
1723 2939 1784 2998 siva

80 3021 220 3096 polliceri,
233 3022 350 3098 absque
363 3029 503 3096 peccator
519 3020 571 3079 ris.
594 3022 790 3088 Quodautem
808 3036 906 3092 egres·
923 3032 943 3091 c
958 3017 1159 3077 ministerium
1183 3021 1215 3077 in
1243 3022 1452 3092 ministrando,
1482 3024 1544 3082 sive
1572 3026 1625 3101 qui
1640 3027 1728 3086 docet
1750 3028 1783 3086 in

81 3128 151 3168 sum
164 3122 208 3170 est
223 3113 262 3169 de
271 3111 360 3169 labiis
372 3111 440 3173 tuis,
457 3110 595 3182 observa,
608 3115 636 3166 et
649 3109 741 3167 lacies
753 3109 828 3166 sicut
841 3124 907 3184 por·
958 3108 1104 3176 doctrina,
1117 3110 1170 3183 qui
1182 3111 1354 3171 exhortatur
1368 3114 1400 3170 in
1430 3113 1643 3184 exhortatione,
1667 3116 1721 3192 qni
1735 3117 1784 3176 tri-

81 3200 186 3258 misisti
193 3200 320 3258 Domino
331 3202 391 3257 Deo
403 3203 470 3257 tuo:
480 3215 516 3256 ex
524 3199 646 3272 propria
653 3198 806 3256 voluntate
816 3202 845 3256 et
854 3215 905 3256 ore
958 3197 1024 3255 buit
1036 3199 1068 3256 in
1085 3199 1338 3275 simplicitatequi
1351 3209 1459 3276 preest
1473 3205 1504 3262 in
1511 3205 1707 3276 solicitudine,
1718 3207 1780 3280 qni,

82 3288 255 3347 tuolocutus
270 3305 313 3346 es.
325 3291 400 3347 Cum
411 3293 526 3362 repetes
536 3303 555 3344 a
565 3287 762 3361 proximetuo
777 3302 841 3343 rem
851 3287 906 3344 ali-
958 3286 1115 3345 miseretur
1135 3288 1168 3346 in
1180 3288 1336 3349 hilaritate.
1353 3292 1473 3350 Dilectio
1498 3294 1561 3351 sine
1581 3294 1782 3354 simulatione.

81 3393 274 3451 quamquam
283 3377 503 3447 debettibi,non
511 3375 685 3447 ingredieris
695 3375 822 3432 domurn
830 3376 904 3448 ejus,
959 3377 1098 3434 Odientes
1123 3379 1248 3450 malum,
1268 3381 1454 3438 adherentes
1480 3381 1561 3438 bono
1577 3399 1584 3438 ι
1603 3382 1783 3440 charitatem

84 3466 361 3539 utpignusaulcras
373 3466 444 3522 :sed
466 3464 559 3522 stabis
572 3465 653 3531 loris,
669 3470 698 3522 at
709 3464 759 3522 ille
773 3465 907 3536 tibipro·
960 3465 1150 3524 fraternitatis
1170 3468 1298 3526 invicem
1325 3469 1503 3540 diligentes:
1525 3473 1642 3528 Honore
1653 3472 1784 3531 invicem

84 3553 164 3626 leret,
179 3556 263 3629 quod
280 3554 419 3612 habuerit
444 3574 451 3614 :
477 3554 504 3610 si
529 3559 630 3611 autem
644 3569 761 3628 pauper
776 3558 827 3619 est,
845 3568 907 3610 non
960 3554 1188 3627 prevenientes:
1212 3556 1403 3616 solicitudine
1421 3573 1483 3614 non
1494 3558 1571 3631 pigri
1586 3575 1593 3614 ι
1609 3560 1717 3634 Spiritu
1731 3561 1787 3620 ier·

84 3644 268 3715 pernoctabit
295 3643 378 3716 apud
396 3647 425 3700 te
443 3642 562 3716 pignus,
576 3642 628 3698 sed
643 3641 744 3700 statim
758 3641 866 3698 reddes
879 3641 907 3698 ei
961 3649 1061 3702 ventes
1072 3661 1078 3701 :
1089 3648 1149 3701 Deo
1160 3645 1321 3702 servientes
1337 3662 1344 3702 :
1360 3648 1417 3720 Spe
1433 3645 1599 3718 gaudentes
1617 3653 1669 3706 :ln
1688 3650 1786 3710 tribu-

86 3737 152 3789 anie
166 3732 237 3790 solis
247 3747 390 3789 occasum
401 3748 408 3786 :
421 3735 451 3788 et
465 3730 594 3788 dormiet
606 3730 638 3787 in
661 3730 836 3788 vestimento
851 3746 906 3787 sno
959 3729 1069 3788 latione
1077 3733 1222 3804 patientes
1232 3749 1238 3789 :
1249 3734 1383 3790 Orationi
1395 3735 1541 3792 instantes
1557 3752 1564 3792 ι
1580 3737 1710 3808 Negotiis
1720 3753 1789 3796 san-

85 3823 118 3874 ut
128 3819 286 3878 benedicat
305 3819 369 3888 tibi,
394 3824 422 3877 et
434 3819 549 3876 habeas
568 3818 714 3890 justitiam
738 3835 840 3877 coram
853 3820 908 3876 Do-
960 3822 1076 3877 ctorum
1089 3821 1346 3894 communicantes
1362 3821 1615 3895 :Hospitalitatem
1627 3829 1785 3894 sectantes,

85 3907 164 3965 mino
178 3911 237 3967 Dec
247 3912 308 3966 tuo.
329 3911 393 3966 lton
407 3907 534 3979 negabis
545 3906 714 3964 mercedem
733 3906 906 3979 indigentis,
960 3906 1125 3964 Benedicite
1133 3909 1382 3981 persequentibus
1394 3910 1583 3982 :benedicite
1593 3913 1715 3972 etnolite
1724 3931 1790 3972 ma·

86 4000 116 4051 et
126 3997 261 4070 pauperis
275 3995 418 4056 fratribus
431 3995 499 4064 tuis,
515 3996 577 4053 sive
586 3995 722 4063 advenis,
739 3996 792 4069 qui
808 4000 907 4052 tecum
959 3992 1096 4052 lcdicere.
1108 3995 1236 4053 Gaudete
1249 4013 1320 4054 cum
1332 3998 1545 4068 gaudentibus,
1559 3999 1627 4058 flete
1637 4003 1787 4062 cumllen-

87 4090 236 4142 morantur
261 4085 293 4141 in
305 4089 392 4153 terra,
408 4089 437 4142 et
457 4085 535 4142 iutra
549 4087 653 4157 portas
667 4086 734 4140 tuas
746 4087 815 4140 sunt
831 4099 838 4139 ι
853 4083 907 4140 scd
960 4083 1040 4140 tibus
1050 4100 1057 4140 :
1069 4083 1203 4158 idipsum
1215 4085 1372 4144 sentientes
1379 4087 1522 4146 invicem:
1532 4105 1594 4146 non
1604 4090 1664 4148 alta
1670 4091 1788 4166 sapien·

87 4172 187 4230 mdem
199 4175 248 4231 die
259 4173 367 4231 reddes
381 4173 407 4230 ei
426 4173 556 4247 pretium
569 4170 682 4229 laboris
693 4172 739 4229 sui
753 4175 821 4229 ante
837 4171 907 4229 solis
959 4175 1014 4239 tes,
1034 4172 1087 4228 sed
1102 4172 1268 4230 humilibus
1288 4175 1517 4232 consentientes.
1533 4177 1625 4236 Nolite
1638 4195 1702 4237 asse
1717 4197 1787 4254 pru·

88 4276 232 4332 occasum,
243 4264 316 4336 quia
334 4277 451 4336 pauper
463 4265 517 4328 cst,
531 4265 560 4318 et
577 4275 615 4318 ex
628 4275 663 4317 eo
683 4264 829 4318 sustentat
845 4260 907 4318 ani-
960 4260 1065 4318 dentes
1078 4261 1160 4333 apud
1175 4263 1393 4336 vosmetipsos:
1408 4265 1484 4322 Nulli
1498 4266 1613 4325 malum
1633 4284 1689 4342 pro
1703 4270 1785 4328 malo

87 4365 166 4408 mam
177 4367 265 4409 suam
285 4367 292 4408 :
307 4366 344 4408 na
358 4349 467 4408 clamet
478 4353 582 4408 contra
599 4349 678 4406 tend
692 4349 864 4419 Dominum,
878 4352 909 4408 et
922 4381 946 4438 D
960 4348 1134 4410 reddentes:
1152 4351 1340 4424 providentes
1355 4352 1438 4412 bona
1462 4369 1524 4412 non
1542 4360 1661 4414 tantum
1684 4374 1788 4418 eoram

85 4444 233 4512 reputetur
246 4440 300 4498 tibi
312 4440 343 4497 in
354 4444 522 4515 peccatum.
537 4441 603 4497 Non
620 4438 793 4496 occidentur
807 4443 908 4513 patres
961 4437 1089 4503 Dao,sed
1098 4439 1579 4500 etiamcoramhominibns.sifieri
1588 4449 1696 4518 potest,
1705 4449 1788 4521 quod

82 4539 138 4596 pro
150 4529 231 4598 liliis,
240 4545 298 4586 nec
308 4528 361 4585 iitii
375 4526 736 4602 propatribussedkffi
751 4528 909 4602 unusquis·
963 4543 1000 4584 ex
1013 4526 1100 4584 vobis
1115 4530 1169 4594 est,
1186 4545 1255 4586 eum
1265 4530 1407 4588 omnibus
1419 4532 1595 4592 hominibus
1610 4549 1718 4610 pacem
1730 4538 1789 4596 ha·

78 4629 140 4684 que
154 4635 210 4692 pro
231 4635 287 4676 suo
305 4623 428 4692 peccato
442 4617 577 4674 meritur.
590 4618 656 4673 Non
668 4621 818 4688 pervertes
832 4616 911 4688 judi·
963 4615 1068 4674 bentes
1078 4632 1084 4672 :
1095 4617 1159 4674 Non
1173 4618 1373 4693 vosmetipsos
1389 4619 1590 4686 defendentes,
1608 4623 1790 4697 charissimi,

71 4689 161 4766 ci'um
174 4707 298 4766 advena
313 4710 343 4764 et
355 4706 471 4780 pupilli,
495 4721 551 4762 nce
564 4704 681 4762 auferas
692 4705 826 4778 pignoris
842 4705 911 4762 loco
964 4705 1016 4762 sed
1028 4704 1096 4762 date
1105 4703 1207 4762 locum
1217 4705 1288 4762 lrae:
1303 4706 1448 4780 scriptum
1469 4715 1513 4766 est
1538 4711 1619 4768 enim
1630 4729 1636 4768 :
1646 4712 1714 4768 Mihi
1727 4712 1791 4770 vin-

63 4795 178 4854 vidua
191 4796 416 4854 vestimentum.
442 4798 588 4854 liemcule
616 4792 699 4866 quod
718 4794 864 4852 servieras
879 4794 911 4851 in
964 4793 1123 4866 dicta;ego
1135 4794 1546 4860 retribuam‚dicitDominus.
1556 4799 1614 4856 Sed
1625 4799 1650 4855 si
1658 4799 1793 4859 esurierit

55 4873 218 4960 Egypto,
234 4888 263 4942 ct
287 4884 365 4942 eruit
384 4888 411 4942 te
429 4883 575 4942 Dominus
591 4884 669 4939 Deus
684 4887 753 4940 tuus
774 4883 854 4940 inde.
867 4883 912 4938 ld·
963 4881 1102 4939 inimicus
1117 4883 1376 4950 tuus‚cibaillum:
1390 4885 1416 4941 si
1427 4885 1498 4956 sitit,
1510 4887 1793 4959 potemdailli2hoc

49 4962 373 5046 circoprecrptouot
386 4976 494 5029 utnon
509 4972 602 5029 facias
612 4971 692 5029 hanc
707 4970 911 5037 rem.Quando
964 4969 1795 5049 faciens,carbonesigniscongeressnpercaputejus.No·

44 5061 242 5120 ¹1§essarris
266 5065 398 5132 segetem
405 5061 437 5117 in
446 5077 520 5133 agro
531 5064 594 5126 tuo.
605 5065 634 5117 et
651 5059 762 5116 oblitus
775 5059 912 5132 manipu·
964 5059 986 5116 li
1000 5059 1110 5118 vincia
1125 5060 1271 5126 malo‚sed
1286 5061 1369 5119 vince
1379 5063 1410 5118 in
1420 5062 1501 5120 bono
1513 5063 1674 5136 malume.
1687 5069 1792 5121 Amen.

38 5133 314 5223 ¹¹-mreiiqueris,
326 5163 389 5205 non
399 5149 555 5206 revertaris
569 5153 602 5205 ιιι
611 5148 735 5220 colligas
747 5163 816 5204 aum
833 5162 839 5201 :
858 5147 912 5204 sed
999 5147 1176 5219 Antiphone
1187 5150 1405 5208 l.Conhtemini
1422 5151 1549 5208 Domino
1563 5151 1595 5210 in
1617 5153 1731 5212 cithara
1743 5171 1749 5212 :
1762 5153 1795 5211 in

49 5239 213 5306 ffivenae,
229 5236 354 5311 pupillo,
370 5240 401 5294 at
412 5237 510 5295 vidue
521 5236 687 5310 relinques,
703 5241 737 5294 ut
749 5234 910 5294 benedicat
965 5236 1104 5310 psalterio
1111 5235 1797 5312 decemchordarumpsalliteei.Psatmusxxxii.

72 5315 139 5377 (tbi
148 5325 290 5384 Dominus
307 5327 385 5384 Deus
407 5331 478 5384 tuus
498 5327 530 5384 in
545 5326 628 5384 omni
652 5342 742 5400 opere
767 5341 912 5383 manuum
1002 5324 1114 5381 Oratio.
1130 5323 1265 5393 Domine,
1280 5326 1332 5399 qui
1344 5327 1571 5400 justorumsot.
1588 5333 1652 5412 103.

91 5409 212 5474 tuarum.
227 5413 256 5473 Si
269 5413 532 5488 frugescollegeris
545 5414 913 5490 olivarumquicquidre-
1003 5411 1209 5485 Aattptonaa.
1224 5415 1562 5489 Animanostrapatiene
1572 5422 1615 5475 est
1640 5416 1768 5477 Domino
1790 5435 1797 5477 ι

91 5505 224 5565 mDeserit
237 5503 269 5561 in
281 5503 449 5570 arboribus,
465 5519 528 5563 non
539 5505 696 5564 revertaris
710 5508 742 5562 ut
761 5503 884 5577 colligas
903 5519 911 5561 ι
971 5500 1099 5575 quoniam
1107 5499 1215 5577 adjutor
1224 5506 1250 5561 et
1260 5509 1396 5580 protector
1403 5509 1497 5566 noster
1506 5505 1695 5570 estPsalmaa
1707 5525 1799 5572 mn.

225 5593 345 5653 Parnon.
366 5591 513 5653 Lxxxvt.
1606 5597 1642 5666 23
