4117 6175
140 165 211 223 1233
432 192 437 201 ·
675 178 924 237 sanarentur.
946 211 977 222 -
994 180 1107 238 FESTA
1121 185 1307 246 ocreatus.
1776 197 1847 254 tart

140 290 228 348 Sion:
242 306 303 349 nou
315 294 593 357 commovebituriu
607 305 761 377 eternum,
782 306 835 379 qui
849 305 965 364 habitat
981 310 1004 365 tt
1055 307 1245 380 Suppuratio.
1261 316 1396 375 Orcmus.
1409 323 1441 373 ut
1454 332 1555 389 sopra.

138 376 173 525 ihpt
185 379 379 527 filigrrtrsalem.
393 384 423 437 P.
437 386 471 442 lit
483 384 574 443 dedit.
590 388 620 449 t.
635 389 742 463 Gloria,
757 398 786 451 et
802 395 908 453 honor.
930 394 961 449 i’.
1055 399 1199 469 Capitale.
1214 402 1247 460 lu
1261 402 1319 459 hac
1334 411 1453 461 tuorum
1472 413 1639 477 martyrum
1660 408 1803 464 Servaudi
1817 416 1844 463 et

206 486 222 527 e
245 486 254 527 ι
276 487 328 527 ers.

493 565 627 637 Hymnus

315 649 445 709 Christus
457 668 545 711 verus
558 672 609 713 rex
620 659 807 728 Sanctorum,

278 739 312 796 Bt
322 745 455 797 sacrator
467 750 643 819 martyrum,

276 829 318 884 i'u
338 830 491 888 severitas
506 838 535 890 ot
549 835 607 900 ria,

274 917 396 992 liteque
406 920 588 982 credentium
597 944 607 998 3

272 1006 313 1063 Τιι
321 1009 492 1080 optantibus
504 1010 559 1071 des
573 1019 675 1073 sotum

274 1096 307 1151 Et
317 1096 413 1154 Baetis
423 1098 563 1159 brabium

307 1184 370 1242 libi
379 1186 501 1247 laudem
509 1194 579 1249 vota
588 1194 696 1265 pandit

271 1275 384 1332 Cuncta
395 1274 483 1333 chors
497 1276 652 1351 fidelium

271 1363 325 1431 Oui
336 1364 490 1424 servando
502 1370 529 1423 et
539 1370 687 1430 Germano

269 1451 370 1511 Robur
383 1469 454 1512 mox
467 1456 609 1515 eximium

267 1542 452 1616 concessisti,
463 1551 496 1602 ut
508 1546 658 1608 vincerent

267 1630 441 1690 Oimioando
456 1634 611 1695 zabulum.

298 1720 408 1779 Pressas
422 1737 555 1800 namque
569 1726 731 1787 mundialis

263 1812 307 1869 ire
319 1809 359 1868 ad
372 1814 463 1870 Aram
477 1814 629 1889 praecipit:

263 1896 353 1957 idolis
364 1898 448 1958 litare
463 1902 558 1975 ranis,
661 1962 665 1972 ,

263 1990 362 2046 Fortes
378 1990 483 2048 Christi
494 1992 622 2051 milites:

261 2078 449 2153 Nariumque
459 2080 627 2142 hostiarum

260 2167 411 2225 immolari
420 2172 575 2243 sanguine.

293 2254 336 2314 illi
347 2272 453 2331 poeuas
465 2260 664 2332 expectabant

260 2343 364 2403 Christi
379 2363 481 2406 amore
496 2348 608 2407 iuterri:

260 2433 350 2492 Ouice
365 2442 435 2495 tuna
445 2436 501 2494 iliis
514 2440 652 2508 orsmari,

261 2522 349 2581 Ouiae
362 2524 473 2583 ierrum
490 2528 613 2599 perpeti,

260 2611 430 2689 validisque
440 2614 593 2674 offerenda

258 2702 388 2775 Corpora
401 2704 567 2777 suppliciis.

290 2792 351 2851 lios
363 2792 512 2851 Gtrristum
526 2809 636 2868 nempe
650 2794 773 2854 latentes

255 2882 435 2940 Execramus
451 2882 546 2955 idola3

255 2972 287 3029 ut
299 2969 452 3029 calestem
466 2972 624 3029 adorantes

255 3058 428 3118 renuimus
441 3058 607 3120 terrestriar

252 3148 345 3216 ausit,
361 3153 395 3206 ul
408 3149 629 3222 rituprophano

254 3237 433 3296 inclinemus
447 3252 584 3312 corpora.

289 3329 355 3386 ilaec
369 3327 523 3401 loquentes
541 3327 708 3386 obruuntur

253 3415 326 3475 llille
338 3415 435 3491 poeais
451 3416 580 3488 ilaryres
593 3437 600 3472 ι

253 3501 380 3558 Nexibus
394 3518 504 3560 manus
522 3510 661 3577 utrasque

256 3588 362 3646 Plaxus
375 3590 497 3648 involvit
510 3590 609 3664 rigor:

254 3679 289 3735 lit
301 3677 405 3751 calybs
419 3677 529 3737 adtrita
538 3678 614 3738 colle

252 3765 339 3824 Ourie
353 3766 449 3825 ambit
462 3767 590 3824 circulis.

287 3854 399 3913 Nobilis
411 3870 464 3929 per
474 3856 584 3914 vulnus
596 3857 730 3933 emplum

251 3945 338 4002 Parte
348 3943 437 4016 iustis
448 3943 592 4018 panditur
602 3963 610 4012 3

250 4029 390 4104 Quosque
409 4030 540 4090 Christus
555 4032 722 4091 candidatis

250 4119 403 4194 adgreget
417 4121 591 4179 cohortibus
604 4135 610 4176 :

252 4208 350 4266 Miscet
363 4207 463 4266 eboris
476 4209 668 4284 Angelorum,

251 4299 285 4356 lit
294 4305 418 4355 coronat
428 4299 568 4371 premiis.

286 4387 364 4445 State
375 4401 467 4454 nuuc,
478 4387 634 4460 hymnista
642 4389 739 4448 suncti

251 4477 337 4544 Voce,
357 4475 442 4548 rotis,
455 4491 577 4534 munere
590 4493 598 4543 ;

249 4564 345 4639 Atque
355 4563 385 4622 iu
395 4564 512 4622 leudem
522 4565 699 4622 Sanctorum

251 4655 314 4712 Vox
325 4659 503 4712 eunomium
514 4653 648 4712 insonet:

251 4741 303 4800 ilic
314 4741 379 4799 dies
395 4749 425 4800 et
436 4741 511 4800 iesla
523 4741 620 4814 nobis,

251 4831 293 4889 Sit
305 4837 456 4890 saer-etum
469 4831 624 4904 gaudium.

285 4918 386 4979 Gloria
399 4923 457 4978 lieo
473 4921 588 4996 parenti

248 5007 282 5066 in
293 5009 419 5068 excelsis
433 5013 566 5068 resonet:

248 5097 378 5158 Gloriam
389 5099 666 5168 canamuschrislo‚

247 5191 344 5262 atque
353 5189 463 5246 Sancto
473 5189 593 5262 Spiritui
605 5207 612 5256 ;

248 5277 301 5335 Oui
316 5277 383 5335 leus
397 5281 425 5336 et
437 5285 568 5352 potestas

247 5365 304 5425 Per
315 5373 427 5425 esterna
443 5367 562 5424 secuta.

319 5457 423 5514 Amen.

1017 487 1167 555 Germani,
1181 489 1295 547 Christe
1311 494 1398 561 Deus,
1413 494 1562 565 passionis
1575 494 1625 551 die
1639 495 1782 557 iirtautes,
1795 513 1845 553 re·

1015 575 1146 633 niamde
1155 579 1518 651 uostrisdarctlagitamus
1529 582 1662 655 otiensis5
1673 589 1840 657 poscentes,

1017 668 1057 729 ut,
1073 665 1123 737 qui
1137 682 1242 724 eorum
1256 667 1347 738 gladii
1361 668 1621 727 animadversione
1636 687 1697 727 nou
1716 674 1843 729 terruisti

1015 755 1226 823 constantiam,
1242 762 1344 814 nostra
1354 757 1464 815 eisdem
1475 759 1737 817 intervenientibus
1748 764 1777 817 et
1790 761 1843 818 eb-

1013 841 1082 899 luas
1096 843 1226 913 crimina,
1240 850 1268 902 et
1278 845 1425 919 suscipias
1438 845 1599 919 postulata.

1050 935 1133 990 Pater
1146 940 1255 992 noster.
1274 936 1398 993 liberati
1410 952 1429 993 a
1440 937 1529 994 malo.
1539 938 1598 1007 fot.
1610 942 1636 993 2.

1048 1022 1227 1081 Benedictio.
1239 1024 1382 1082 Servandi
1398 1040 1484 1097 prece
1500 1026 1631 1083 Christus
1650 1026 1797 1083 Dominus
1808 1026 1840 1087 in

1011 1108 1565 1180 suivoenomiuistimoreconservet‚et
1578 1114 1713 1171 Germani
1722 1112 1840 1172 obtentu

1010 1198 1176 1267 germinare
1187 1216 1242 1257 vos
1256 1199 1346 1257 iaciat
1358 1202 1472 1257 semine
1485 1202 1682 1275 multiplicato
1696 1202 1819 1274 justitiae
1826 1222 1837 1276 3

1009 1299 1041 1359 tp.
1052 1292 1158 1346 Amen.
1174 1290 1286 1345 tiorum
1299 1305 1420 1363 quoque
1433 1290 1631 1349 instrumento
1638 1290 1769 1349 floreatis
1786 1307 1839 1366 pa·

1006 1377 1114 1435 ritaret
1125 1377 1283 1450 suflragiis
1297 1378 1349 1451 qui
1363 1378 1451 1435 dirisi
1460 1394 1583 1452 corpore
1595 1379 1725 1438 indiuisa
1734 1380 1837 1439 naun·

921 1460 923 1464 ⁴
1007 1472 1056 1524 tur
1075 1467 1234 1540 praeseutia
1252 1464 1382 1523 veritatis
1399 1483 1407 1533 ;
1427 1478 1459 1539 a.
1490 1470 1595 1523 Amen.
1623 1469 1659 1525 iit
1682 1470 1722 1524 ad
1740 1468 1836 1528 instar

1005 1570 1110 1613 eorum
1124 1554 1293 1613 amabiliter
1301 1554 1405 1612 restris
1415 1554 1550 1612 Orinum
1566 1555 1733 1629 suscipiatis
1743 1556 1833 1613 cerri·

966 1655 987 1711 Β
1004 1644 1091 1702 cibus
1105 1644 1214 1717 jugum
1229 1643 1305 1700 siout
1317 1643 1359 1701 iili
1375 1659 1430 1700 suo
1448 1659 1504 1717 pro
1520 1644 1647 1701 Domino
1659 1650 1834 1702 meruerunt

1005 1732 1157 1807 suscipere
1170 1730 1305 1804 gladium
1319 1743 1351 1804 tp.
1363 1735 1468 1789 amen.

1040 1822 1107 1881 Per.

1038 1910 1150 1968 laada.
1164 1909 1293 1984 accipite
1305 1910 1522 1982 jocunditatem
1539 1910 1641 1982 gloriae
1654 1914 1771 1977 vestrae,
1783 1911 1830 1969 el-

1001 1999 1101 2067 ieluia,
1117 2000 1149 2057 P.
1168 1999 1282 2057 Gratias
1294 2004 1418 2072 agentes
1432 2000 1502 2066 Deo,
1513 1998 1566 2074 qui
1579 2014 1632 2055 roe
1647 1998 1686 2054 ad
1697 1999 1829 2058 catastis

1000 2103 1095 2161 regne
1107 2088 1230 2146 vocarit.
1245 2087 1377 2157 Alleluia,
1387 2086 1516 2154 alleluia,
1532 2087 1662 2144 alleluia.
1678 2086 1710 2148 lt.
1728 2088 1828 2146 Venite

999 2177 1064 2244 filii,
1083 2177 1184 2236 audite
1203 2191 1269 2234 me:
1287 2176 1426 2232 timorem
1441 2175 1559 2233 Domini
1575 2175 1691 2231 docebo
1710 2191 1774 2233 vos.
1795 2177 1828 2233 P.

1000 2267 1114 2325 Gratias
1128 2270 1261 2337 agentes.
1278 2263 1311 2326 l.
1331 2262 1440 2331 Gloria,
1460 2268 1489 2320 et
1511 2264 1617 2320 honor.
1643 2263 1677 2319 P.
1701 2264 1825 2322 Gratias.

1035 2355 1148 2412 Oratio.
1171 2356 1257 2419 Oeus,
1276 2353 1330 2426 qui
1347 2351 1457 2409 sanctis
1475 2351 1532 2407 tuis
1555 2350 1688 2409 Servado
1709 2358 1739 2409 et
1761 2353 1829 2409 Ger·

999 2460 1091 2504 mano
1105 2448 1220 2501 tantam
1237 2441 1366 2513 gratiam
1380 2441 1410 2497 in
1426 2440 1566 2512 passione
1578 2439 1696 2511 dedisti,
1711 2445 1744 2497 ut
1757 2441 1829 2497 iosi-

998 2534 1239 2603 guiterapertum
1254 2529 1322 2585 iidei
1334 2528 1620 2597 vincerentbosrem,
1631 2530 1683 2602 qui
1696 2530 1827 2602 primum

998 2618 1190 2691 spiritualiter
1209 2618 1238 2674 in
1258 2632 1289 2673 se
1309 2615 1387 2671 bella
1405 2615 1452 2671 eui
1468 2617 1602 2687 corporis
1619 2616 1800 2672 devicissent
1816 2632 1824 2683 ;

996 2709 1098 2783 praebe
1114 2706 1203 2765 uobis
1217 2703 1410 2763 annuamus
1425 2709 1476 2760 tua
1486 2704 1593 2775 pietate
1606 2703 1824 2771 firmissimum,

996 2812 1058 2871 quo
1070 2794 1175 2853 muniti
1189 2800 1280 2866 atque
1295 2791 1447 2866 praecincti
1458 2796 1488 2848 et
1500 2790 1693 2848 rebellantem
1709 2791 1825 2861 spiritui

995 2899 1119 2943 earnem
1130 2881 1286 2941 valeamus
1296 2895 1498 2955 compescere,
1506 2884 1534 2936 et
1543 2895 1599 2935 nos
1609 2878 1692 2950 ipsos
1702 2878 1823 2953 intrepi·

957 2975 1052 3058 Cdos
1072 2973 1250 3032 studeamus
1272 2968 1357 3029 bellis
1376 2968 1578 3043 spiritualibus
1593 2982 1772 3043 praeparare.
1788 2979 1823 3040 a.

993 3069 1099 3124 Amen.
1149 3121 1154 3130 ,

1029 3153 1085 3212 Per
1094 3150 1303 3211 misecordiam
1318 3153 1411 3207 tuam.

1030 3243 1076 3300 ,ld
1085 3239 1471 3308 Matutinammraptono.
1481 3236 1633 3294 Oauobis.
1644 3236 1821 3298 rratmasa.

995 3333 1106 3390 Oratio.
1122 3329 1222 3387 Redde
1235 3326 1335 3385 uobis.
1346 3327 1403 3395 sol.
1414 3339 1509 3381 aaxrn.

1030 3419 1211 3489 antiplona.
1223 3415 1323 3473 Sancti
1339 3413 1390 3481 tui,
1405 3412 1541 3477 Domine,
1562 3409 1698 3469 mirabile
1717 3426 1820 3468 conse·

993 3510 1052 3567 outi
1071 3507 1220 3572 subtiler,
1240 3504 1438 3560 deservientes
1455 3500 1612 3574 preceptis
1633 3499 1702 3571 tuis,
1725 3506 1757 3555 ut
1774 3499 1820 3556 ia·

993 3599 1164 3656 venirentur
1173 3594 1268 3652 inlaesi
1280 3594 1311 3649 in
1324 3607 1406 3665 aqua
1417 3589 1528 3648 valida.
1543 3587 1670 3664 [ancxir]
1686 3591 1716 3645 P.
1731 3592 1820 3646 Terra

992 3687 1133 3762 apparuit
1145 3683 1241 3751 arida,
1259 3686 1287 3739 et
1305 3681 1335 3738 in
1349 3680 1424 3738 mari
1436 3678 1528 3736 rubro
1544 3679 1593 3735 ria
1608 3678 1673 3735 sine
1691 3678 1819 3752 impedi-

993 3781 1103 3834 mento.
1114 3773 1146 3836 il.
1162 3767 1497 3830 confiteanturOomino
1506 3767 1717 3825 misericordia
1731 3769 1815 3839 ejus:

991 3869 1020 3922 et
1033 3860 1180 3921 mirabilia
1194 3860 1219 3932 ej
1225 3875 1259 3917 us
1272 3856 1342 3915 illlis
1356 3856 1525 3916 hominum.
1538 3856 1571 3912 P.
1586 3855 1686 3915 Terra.
1700 3854 1732 3917 l.
1753 3855 1817 3913 Glo·

990 3952 1045 4020 ria,
1056 3955 1086 4010 el
1096 3951 1203 4008 honor.
1217 3949 1250 4005 P.
1259 3949 1358 4005 Terra.

1027 4039 1136 4096 Oratio.
1154 4039 1240 4101 Deus,
1255 4035 1308 4108 qui
1322 4033 1432 4092 sanetis
1441 4030 1816 4101 tuisSerrando,ntsapra.

1027 4119 1817 4197 Autpboua.DediteisOomiuuepotentiamreguiad·

989 4232 1095 4274 versus
1104 4231 1166 4283 eos,
1181 4212 1233 4286 qui
1245 4209 1503 4284 persequebantur
1515 4207 1596 4277 illos;
1610 4211 1640 4264 P.
1654 4211 1687 4264 iit
1697 4208 1816 4265 suitillis

990 4306 1022 4362 in
1034 4303 1204 4361 velamento
1216 4299 1284 4371 diei,
1299 4303 1328 4355 et
1341 4299 1372 4354 in
1386 4295 1452 4354 luce
1466 4295 1620 4354 stellarum
1636 4301 1697 4355 tote
1707 4302 1794 4354 nocte
1808 4315 1815 4355 :

989 4393 1022 4456 l.
1038 4392 1109 4451 tttsir
1121 4393 1248 4448 verbum
1262 4403 1362 4452 snum,
1378 4391 1407 4442 et
1435 4385 1637 4442 emeritens:
1661 4390 1689 4443 et
1710 4386 1819 4459 eripuit

990 4473 1813 4543 mmmmmefflmbfflQu

988 4571 1086 4628 bonor
1098 4567 1186 4625 Patri.
1199 4566 1232 4622 P.
1246 4567 1279 4621 at
1288 4562 1353 4621 fuit.

1024 4658 1138 4715 Oratio.
1150 4655 1200 4712 Dei
1214 4653 1302 4712 Pilius
1320 4652 1443 4719 Christe,
1453 4653 1507 4729 qui
1526 4652 1633 4709 melius
1642 4649 1817 4708 contritione

988 4745 1204 4819 cordis‚quam
1214 4741 1815 4815 munerumoblationeplacaris:respice,

988 4838 1074 4902 Deus,
1089 4833 1129 4891 ad
1143 4849 1246 4908 preces
1265 4849 1418 4891 serrorum
1434 4836 1565 4898 tuorum,
1580 4835 1611 4886 ut
1629 4829 1661 4886 in
1680 4829 1738 4887 heo
1756 4828 1816 4893 die,

986 4940 1050 5000 quo
1062 4924 1194 4998 predicti
1213 4926 1353 4996 Har-tyras
1367 4936 1422 4995 pro
1437 4926 1465 4977 to
1479 4919 1625 4976 vibrantis
1644 4916 1737 4991 gladii
1752 4933 1818 4976 mu·

987 5028 1079 5072 arone
1092 5009 1452 5084 desectisuut‚utrobique
1466 5025 1482 5066 a
1494 5014 1522 5066 te
1536 5023 1670 5080 congrua
1683 5008 1820 5069 remedia

988 5101 1074 5160 nobis
1089 5099 1527 5173 flagitantibuslargiautur.1p.
1544 5101 1650 5156 Amen.

1023 5189 1201 5260 Antiphone.
1210 5189 1311 5248 Venite
1320 5188 1360 5246 ed
1373 5203 1433 5256 me,
1446 5202 1552 5244 omnes
1560 5185 1660 5246 Sancti
1677 5188 1736 5245 mei
1748 5187 1819 5245 dicit

989 5277 1150 5337 Dominus:
1164 5278 1345 5336 vindemiate
1356 5277 1486 5335 tractum
1499 5275 1640 5335 laborum
1650 5281 1818 5335 vestrorum

989 5382 1112 5440 germen
1123 5367 1261 5439 justitiae3
1277 5369 1306 5423 P.
1323 5365 1416 5439 Cujus
1435 5365 1512 5424 odor
1524 5370 1569 5423 est
1584 5382 1723 5437 maguus,
1741 5366 1817 5422 siout

988 5455 1063 5516 odor
1077 5454 1205 5512 liliorum
1227 5461 1255 5514 et
1268 5469 1406 5513 rosarum
1421 5453 1452 5511 ia
1473 5458 1605 5528 tempore
1626 5469 1694 5512 suo.
1713 5452 1745 5514 i.
1768 5455 1819 5510 lie-
