4117 6175
133 228 204 287 ress
663 222 910 287 emundasse.
930 225 1323 288 -raeearaeauaau
1770 207 1842 295 toci

130 356 325 430 prerogator,
337 368 356 411 a
367 368 428 427 quc
440 350 559 424 agitas
569 350 685 411 iamrsla
700 354 751 409 tua
764 351 915 411 visitatam
928 368 960 412 se
974 356 998 413 Α
1013 352 1169 410 nationem
1175 351 1222 409 sui
1228 350 1376 417 nesciens,
1385 352 1550 411 sanctitatis
1556 355 1837 433 persistitinopcre.

130 445 196 502 iore
209 441 384 517 respiciens,
396 444 424 497 et
432 443 463 497 in
476 439 636 499 vulneratis
646 439 789 497 membris
798 440 903 515 recipit
915 458 960 501 sa·
1012 441 1236 512 Daergonobis,
1246 441 1449 498 utinterventu
1456 442 1606 515 praedictae
1613 447 1747 519 ilartyria
1755 447 1839 520 apud

130 534 255 590 nitatem
270 548 277 596 ;
293 536 322 588 et
334 530 431 587 noetis
447 530 548 589 medio
560 529 694 586 revincta
704 544 833 597 carcere,
845 530 958 588 coelesti
1013 532 1042 586 te
1054 529 1186 587 obtinere
1196 529 1416 599 indulgentiam
1438 546 1619 589 mereamur.
1629 536 1682 606 qui
1692 550 1838 608 nuncpro

131 618 475 695 promereturinlustrari
485 616 665 684 exlumine;
686 624 717 675 tu
726 617 792 675 luca
799 618 851 675 ille
860 620 959 676 Sancti
1012 617 1129 676 delictis
1144 617 1314 689 lachrymas
1328 617 1493 688 tundimus,
1508 619 1555 675 vel
1572 622 1699 691 gemitus
1718 623 1838 681 exbibe-

134 706 706 784 Spiritusnosbaminradiansmentem,
713 708 753 765 ad
760 707 958 765 videndumte
1012 722 1091 762 mus.
1108 718 1140 774 rs.
1151 708 1255 763 Amen.
1272 706 1327 761 Per
1340 706 1587 765 misericordiam.

131 806 160 856 et
174 812 298 871 corpore
309 797 445 855 valemm
457 799 486 854 at
496 796 599 853 animo
613 796 749 868 puriores
763 796 847 855 effice
863 812 870 855 :
885 812 957 871 quo,
1047 794 1837 869 reciprocae.virgorsrae1,expaneramictumneum

131 888 208 944 dum
220 884 679 960 spiritualisaiiectusininterno
692 900 726 942 se
737 884 887 943 diffuderit
897 900 960 943 cor-
1012 899 1103 957 super
1113 888 1149 956 te,
1159 883 1231 941 dicit
1240 884 1394 951 Dominus,
1403 886 1439 942 P.
1451 888 1484 943 Et
1492 886 1577 944 indui
1587 890 1615 944 te
1623 887 1701 945 stola
1709 887 1837 946 decoris.

132 976 181 1045 de,
194 974 276 1032 fideli
296 975 337 1031 ad
349 979 376 1031 te
387 990 438 1031 ore
454 972 672 1046 proclamando
683 973 874 1031 conlaudent.
1011 971 1146 1038 Alleluia,
1166 971 1294 1029 alleluia.
1309 971 1340 1033 tl.
1354 971 1515 1030 AEditieans
1536 974 1721 1033 Hierusalem
1737 975 1837 1032 Domi·

166 1065 253 1121 Pater
264 1061 514 1121 noster.biberati
525 1060 647 1121 amalo.
661 1062 718 1131 fol·
733 1067 760 1121 2.
1011 1075 1069 1117 nus
1086 1082 1093 1117 :
1107 1059 1341 1133 etdispersiones
1352 1062 1440 1119 lsrael
1453 1078 1655 1136 congregans.
1670 1067 1703 1123 P.
1716 1064 1837 1123 etindui

166 1152 703 1210 Benedictiodnimarumvestrarum
714 1151 846 1211 Christus
859 1152 958 1209 llomi·
1011 1154 1048 1207 te.
1064 1150 1099 1212 i.
1123 1149 1231 1216 Gloria,
1247 1154 1277 1208 et
1288 1150 1396 1207 bonor.
1411 1151 1441 1207 P.
1456 1154 1489 1207 Et
1503 1152 1588 1211 indui
1600 1157 1638 1211 te.

127 1257 187 1298 nus
199 1240 437 1312 vulneratergat‚
451 1240 506 1313 qui
517 1238 728 1297 beatissimam
741 1241 889 1311 agatham
901 1258 956 1315 pro
1047 1238 1155 1297 Oratio
1166 1241 1253 1310 Deus,
1263 1240 1316 1312 qui
1327 1242 1442 1297 Sancte
1452 1242 1584 1313 agathe.
1599 1243 1791 1311 puerascere
1801 1245 1834 1301 in

125 1328 932 1389 suonomineabacisamnondestititeuraremamillam
946 1348 953 1387 ε
1008 1329 1139 1400 vesperis
1152 1329 1396 1401 praecedentibus.

126 1430 159 1489 ip.
174 1418 278 1475 Amen.
301 1420 406 1491 Atque,
421 1417 509 1488 cujus
528 1416 675 1473 meritiaa
692 1416 805 1475 finibus
827 1419 955 1476 removit
1045 1428 1077 1487 p.
1091 1416 1831 1491 Egredereinterlilia,opulehrafiliailierusalem‚

126 1522 163 1564 ac
173 1506 302 1565 detraxit
316 1506 466 1571 incendia,
485 1506 550 1577 aius
564 1521 646 1563 nune
660 1506 856 1580 opitulatione
869 1506 954 1566 ilam-
1008 1504 1082 1578 quia
1093 1505 1224 1579 perfecta
1233 1522 1266 1563 es
1277 1510 1307 1563 et
1319 1506 1438 1572 decora,
1450 1510 1480 1563 et
1490 1508 1681 1580 reprehensio
1690 1509 1760 1565 inte
1771 1525 1834 1566 non

125 1612 210 1653 mam
220 1612 238 1653 a
249 1594 951 1669 vobismalrecupiditatisratorquaatrladmen.
1007 1597 1054 1651 est
1071 1609 1078 1650 ε
1094 1593 1223 1652 ascende
1233 1595 1322 1667 quasi
1336 1610 1451 1667 sponsa
1461 1595 1658 1653 Libanum.P.
1669 1596 1705 1655 Et
1713 1597 1833 1671 percipe

126 1687 171 1752 Ut,
186 1700 251 1760 quer
266 1683 379 1741 coelesti
389 1683 583 1755 inscriptione
592 1683 743 1741 liberatrix
750 1685 899 1743 advocata
908 1690 954 1743 eat
969 1690 992 1747 li
1006 1682 1248 1742 benedictionem
1261 1684 1333 1742 fidei
1347 1700 1367 1741 a
1378 1685 1504 1742 Domino
1523 1688 1583 1743 ilco
1609 1693 1672 1748 tuo.
1686 1686 1718 1750 i.
1740 1688 1834 1760 Surge

124 1774 240 1848 patriae,
254 1787 360 1830 omnes
374 1774 406 1830 in
425 1788 586 1833 commune
613 1772 779 1846 patrocinio
803 1774 953 1833 indefesso
1007 1788 1147 1845 propera,
1155 1773 1255 1831 amics
1264 1773 1606 1841 maaiormosa,etveni.
1616 1777 1648 1831 P.
1658 1778 1694 1833 at
1701 1776 1832 1849 percipe.

125 1866 291 1921 conmrvat.
308 1872 341 1933 rs.
357 1864 462 1920 Amen.
1006 1861 1039 1923 i.
1052 1861 1160 1928 Gloria,
1180 1866 1209 1918 et
1223 1862 1328 1928 honor,
1343 1863 1377 1919 P.
1393 1865 1426 1919 Et
1440 1863 1571 1936 percipe.

160 1954 214 2008 Per
224 1950 471 2018 misericordiam,
1043 1949 1154 2007 Oratio.
1165 1950 1287 2007 Domine
1296 1952 1367 2007 Jesu
1381 1950 1506 2021 Christe,
1514 1952 1567 2025 qui
1576 1951 1657 2010 itain
1667 1954 1772 2027 spiritu
1780 1957 1831 2011 tuo

160 2040 274 2099 laada.
289 2040 370 2099 Siout
379 2040 483 2113 palma
495 2036 626 2097 exaltata
638 2054 717 2097 sum·
726 2040 782 2109 sol.
798 2054 903 2097 ccxxx.
1005 2038 1832 2111 sanctamAgatbammartyreminilammaati,utetlasci-

161 2131 272 2187 Oratio.
290 2129 378 2197 Dens,
391 2129 444 2203 qui
457 2134 567 2187 sauctae
581 2128 705 2199 agathe
715 2128 785 2187 fidei
798 2128 950 2202 baptismo
1004 2128 1062 2184 viee
1076 2132 1230 2200 superaret
1239 2128 1406 2194 flammam,
1420 2133 1448 2185 et
1462 2144 1526 2185 cam
1539 2129 1618 2200 ignis
1629 2131 1758 2187 exterior
1768 2144 1832 2187 non

123 2217 234 2276 stolam
247 2217 360 2285 induis,
373 2223 402 2275 et
415 2217 517 2289 gloriar
534 2222 592 2275 tum
611 2216 794 2275 vestimentis
808 2231 948 2287 exornas,
1004 2221 1111 2284 ureret,
1118 2217 1224 2274 eadem
1232 2216 1831 2293 interveniente,misericordiastusenobis

120 2304 947 2379 dumampostmartyriipclmsmlausaandocoronas;
1003 2320 1103 2363 rorem
1121 2306 1245 2363 infunde
1261 2323 1268 2362 ε
1282 2310 1314 2362 ut
1326 2306 1461 2363 naturale
1482 2306 1657 2365 incendium
1678 2307 1831 2379 extingua-

120 2396 252 2454 ccncede
264 2395 363 2461 nobis,
376 2395 519 2468 precibus
532 2394 607 2467 ejus,
617 2399 650 2452 ut
664 2394 860 2451 confessionis
874 2393 949 2451 veri·
1003 2411 1084 2462 mus,
1093 2394 1167 2452 dum
1175 2394 1305 2453 salutare
1313 2395 1481 2453 remedium
1488 2395 1672 2457 obtinemus.
1682 2407 1715 2469 ii.
1723 2402 1829 2455 amen.

120 2486 195 2542 dica
208 2484 302 2542 vestiti
315 2484 432 2550 decore,
445 2482 561 2557 justitia
574 2482 672 2543 induti
684 2487 711 2541 et
722 2482 891 2553 sanctitate,
906 2481 949 2540 iu·
1038 2483 1095 2540 Per
1106 2483 1356 2543 misericordiam.

120 2579 190 2632 tura
205 2572 258 2631 tibi
268 2577 483 2645 presentemur
493 2572 525 2629 in
539 2570 654 2644 requie.
669 2581 702 2643 ii.
717 2572 824 2630 Amen.
1304 2573 1342 2628 ln
1352 2573 1514 2631 Laudibus.

157 2664 211 2719 Per
225 2660 471 2719 misericordiam.
1037 2663 1081 2718 le
1092 2663 1263 2719 canticam.
1278 2660 1459 2731 Antiphone.
1477 2662 1655 2719 Benedictus
1672 2662 1826 2722 Dominus.

157 2751 191 2807 ln
206 2750 327 2807 nomine
342 2749 461 2807 llomini
475 2747 569 2806 nostri
581 2750 596 2804 J
599 2763 652 2803 esu
665 2745 781 2805 Christi.
1002 2751 1055 2823 qui
1066 2750 1163 2807 induit
1176 2766 1236 2807 me.
1247 2750 1414 2807 Canticum.
1425 2749 1566 2807 (laudens
1578 2748 1719 2821 gaudebo
1728 2750 1761 2808 in
1774 2754 1828 2807 ilo

404 2840 454 2897 Ad
472 2840 667 2897 Matutinum.
1002 2838 1095 2895 mino.
1107 2839 1157 2894 Ad
1171 2839 1356 2897 Benedictus.
1367 2839 1556 2908 Antiphone.
1565 2838 1638 2897 Pilia
1647 2837 1728 2905 Sion,
1741 2837 1829 2895 bene·

158 2930 344 3003 Antiphone.
359 2929 452 2987 labia
470 2944 549 2999 mea,
575 2927 704 2993 Domine,
720 2927 855 3000 aperies:
872 2930 901 2985 el
914 2942 948 2985 os
1002 2927 1061 2984 dic.
1075 2927 1467 2986 (lenticumltenedietuses
1477 2927 1612 2985 Domine.
1626 2927 1716 2985 Seno.
1730 2927 1829 2985 Domi·

963 3042 985 3100 0
1002 3031 1060 3074 nus
1071 3018 1149 3073 Deus
1169 3017 1236 3074 eoeli
1249 3016 1409 3074 benedicat
1420 3017 1482 3074 tibi.
1497 3018 1613 3076 Laudo.
1629 3017 1761 3075 Laudato
1774 3020 1829 3075 llo-

121 3034 221 3075 meum
241 3017 433 3076 annuntiabit
445 3017 568 3076 laudem
588 3020 682 3073 tuam.
692 3016 801 3073 Psotm.
813 3032 840 3072 a.

158 3109 271 3166 Oratio.
287 3107 432 3173 lixultent,
454 3108 589 3174 Domine,
606 3107 700 3164 labia.
716 3107 772 3174 sol.
789 3121 891 3164 caxxx.
1001 3106 1828 3179 minumdccoetis.1³sctmuscxsvm.Proptettc.aonge

155 3194 946 3270 Antiptcnct.Virgosapiensbenetlieelur:timorem
1002 3196 1307 3271 Dominusapparuit.
1323 3198 1380 3268 sot.
1400 3212 1512 3256 ccxxxi.

119 3290 221 3344 autem
232 3285 352 3344 Domini
361 3285 428 3358 ipsa
435 3286 607 3343 conlaudat.
616 3287 687 3342 liata
695 3284 722 3342 ei
732 3283 874 3342 deiruclu
883 3299 948 3342 ma·

118 3392 217 3434 nuum
230 3391 366 3433 suarum.
376 3376 409 3431 P.
420 3377 454 3432 Ut
463 3375 659 3432 laudanturin
671 3375 762 3446 portis
772 3374 944 3447 operaejua.

119 3464 152 3529 i.
168 3464 297 3522 Labores
310 3464 463 3522 fructuum
475 3468 594 3522 tuorum
604 3462 800 3520 manducabis
816 3478 823 3520 ε
839 3462 945 3520 beatus

118 3570 161 3622 es,
177 3557 206 3612 et
216 3554 294 3611 bene
308 3553 360 3612 tibi
371 3553 434 3611 erit.
449 3554 483 3610 P.
502 3555 537 3611 llt
556 3551 772 3615 tardanensi.
788 3550 898 3626 Gloria,
919 3557 947 3609 ct

118 3645 227 3704 honor.
242 3645 274 3700 P.
296 3646 332 3702 Ut
345 3642 514 3701 laudentur.

158 3732 268 3790 Oratio.
279 3732 366 3805 Virgo
375 3731 480 3790 Christi
493 3732 621 3803 Agatha,
632 3748 701 3805 quse
713 3731 945 3806 utiquesaplens

117 3820 317 3886 benediceris,
327 3825 355 3878 el
367 3820 418 3877 llei
426 3821 457 3876 in
466 3821 547 3878 atriis
558 3819 688 3894 [ccxxurl
698 3820 860 3888 coronaris,
872 3820 946 3877 dum

119 3909 158 3966 de
172 3908 269 3966 fructu
285 3924 431 3966 inanuum
444 3913 566 3967 tuarum
578 3926 597 3966 a
607 3909 733 3968 Domino
742 3908 865 3966 veniam
879 3923 947 3981 pro·

118 3999 241 4054 mereris
253 4017 260 4066 ;
272 3997 462 4067 deturnobis,
471 4013 656 4071 quaesumus,
665 3998 707 4054 tui
717 3997 946 4068 meritosapien·

117 4087 167 4144 tiae
176 4087 380 4144 laudationem
391 4087 511 4160 babere,
521 4087 586 4144 etin
595 4086 946 4158 Christitimoreteadju·

115 4180 398 4249 vantepermanere,
410 4175 720 4235 ulmereamurabillo
728 4175 758 4232 in
769 4181 945 4248 perpetuum

116 4265 264 4322 benedici.
279 4277 311 4338 ra.
323 4267 428 4324 Amen.

153 4354 208 4413 Per
227 4355 474 4415 misericordiam.

152 4443 945 4520 incipienda.virgoprudentissims‚qu0progrede

117 4532 160 4590 ris
172 4533 259 4606 quasi
272 4548 382 4590 aurora
394 4533 480 4590 valde
492 4534 642 4592 rutilans?
656 4533 718 4590 iilia
731 4533 813 4600 Sion,
827 4533 860 4591 P.
873 4535 945 4591 Tota

117 4621 253 4680 formosa
265 4627 294 4679 et
310 4623 410 4681 suavis
428 4639 461 4680 es
481 4623 640 4696 spurcum,
655 4627 688 4680 ut
698 4623 899 4691 buna,electa,
913 4626 945 4680 ut

119 4710 179 4769 Sol.
198 4709 229 4773 i.
247 4711 349 4784 Specie
365 4716 425 4783 tna,
445 4717 475 4770 et
496 4712 715 4786 prrlclaritudine
737 4716 789 4771 tua
811 4711 942 4777 intende,

118 4813 264 4874 prospere
276 4801 416 4873 procede,
433 4806 573 4873 etregna,
598 4807 718 4874 propter
741 4801 900 4868 veritatem,
917 4803 946 4856 et

115 4889 393 4958 mansuetudinem,
405 4896 434 4948 et
444 4891 589 4963 iustitiam
611 4907 616 4944 :
633 4894 662 4948 et
675 4889 803 4948 deducet
817 4895 844 4946 te
854 4888 945 4946 mira-

112 4976 214 5034 biliter
227 4976 351 5036 dextera
370 4982 432 5037 tua.
448 4978 481 5035 P.
496 4982 568 5038 Tota
579 4976 726 5038 formosa.
744 4977 776 5041 r.
793 4977 902 5045 tiloria,
916 4979 946 5034 et

111 5065 222 5124 bonor.
238 5067 271 5124 Ρ.
282 5070 354 5125 Tota
368 5067 512 5127 formosa.

149 5156 260 5213 Oratio
269 5157 360 5226 Virgo
370 5162 432 5224 tue,
445 5157 567 5224 Christe,
578 5156 695 5229 agatha
709 5155 872 5230 prudenter
882 5153 944 5226 glo-

109 5243 193 5300 riosa
207 5243 312 5302 edecta
330 5249 384 5313 est,
401 5261 477 5318 que,
489 5245 680 5318 consurgenti
693 5259 811 5304 aurorae
821 5258 943 5317 compa-

108 5336 187 5400 rata,
201 5331 437 5408 pulchraatque,
452 5333 555 5404 electa,
565 5335 663 5408 utSol‚
674 5335 830 5410 probatur,
843 5335 873 5391 et
888 5335 942 5390 lm·

110 5421 940 5501 na;dumclariorirutilanslumlne,utLunaplenacla·

110 5509 202 5574 rescit
214 5511 245 5572 in
261 5513 423 5590 sanguin03
438 5517 477 5585 et,
488 5519 522 5575 ut
532 5513 583 5575 Sol
593 5513 728 5590 ilagsam
741 5511 938 5592 atqaeimmi·

1337 3287 1488 3357 Hymnus.

1108 3376 1227 3431 Festum
1236 3374 1351 3444 insigne
1361 3373 1462 3446 prodii
1479 3387 1660 3431 coruscum:

1074 3465 1165 3519 Voces
1178 3461 1211 3518 in
1226 3461 1296 3520 aula
1314 3465 1454 3519 resonent
1467 3467 1646 3519 cunctorum
1661 3475 1669 3518 ι

1072 3551 1142 3620 Deo,
1153 3551 1253 3609 dicata
1264 3550 1349 3624 plebs
1366 3550 1491 3609 dumne
1504 3555 1567 3608 tota

1142 3639 1267 3697 Pandite
1284 3643 1363 3698 vota.

1107 3733 1176 3786 llaec
1188 3729 1274 3800 virgo
1287 3733 1401 3799 sancte,
1414 3728 1609 3803 germineque
1622 3728 1703 3788 clara

1073 3819 1179 3877 wenti
1197 3825 1306 3876 cuneta
1322 3818 1434 3890 respuit
1446 3817 1580 3888 caduca;

1071 3908 1219 3966 Christum
1234 3910 1345 3974 secuta,
1356 3907 1463 3965 acriori
1477 3922 1576 3981 poenee

1144 3997 1281 4055 Subdidit
1291 3997 1439 4055 membra.

1105 4087 1201 4144 ludex
1214 4087 1337 4160 iniquus
1351 4087 1414 4160 ipse
1425 4084 1614 4152 Quintianus,

1071 4174 1221 4248 Virginem
1240 4180 1377 4233 sanctam
1395 4174 1544 4246 agatham
1558 4188 1629 4230 cum
1641 4167 1726 4245 vidit,

1071 4267 1179 4323 Decem
1193 4263 1328 4335 malignis
1346 4264 1466 4322 leminis
1481 4262 1634 4322 obscoenia

1142 4353 1230 4414 Tradi
1242 4354 1402 4428 praecepits

1106 4445 1204 4511 Quam
1214 4459 1283 4500 cum
1295 4442 1449 4509 vidissent,
1459 4441 1762 4502 blandiuntusvsrbis
1779 4460 1786 4504 :

1069 4533 1147 4591 Audi
1165 4537 1350 4607 preceptum
1362 4532 1476 4590 ludiois
1488 4532 1639 4592 monentis
1654 4548 1663 4590 t

1069 4623 1170 4679 Adora
1183 4623 1267 4687 deos,
1278 4621 1431 4680 etlucrare
1444 4622 1549 4693 vitam,

1140 4711 1440 4783 Premiaquemulte.

1107 4801 1164 4860 Sed
1177 4800 1237 4857 fide
1247 4801 1337 4873 plena
1349 4800 1460 4857 nobilis
1474 4799 1575 4871 puella

1070 4891 1194 4946 Execrat
1208 4894 1316 4947 cuncta
1335 4888 1501 4946 vanitatum
1513 4885 1626 4954 verba;

1071 4979 1221 5052 Spemque
1235 4976 1329 5034 mam
1341 4976 1447 5033 retinet
1460 4973 1490 5030 in
1510 4972 1625 5032 Christo

1141 5069 1264 5140 Semper
1276 5066 1386 5124 invicta
1398 5080 1405 5122 :

1105 5159 1200 5224 Quam
1216 5156 1393 5223 Quintianus
1408 5149 1582 5227 praesentari
1592 5149 1712 5223 irritans,

1068 5243 1152 5302 ldola
1162 5261 1243 5304 vana
1256 5245 1337 5318 cogit
1351 5241 1509 5300 adoranda
1522 5279 1529 5310 ,

1068 5334 1161 5392 Fortis
1177 5334 1276 5408 puella
1290 5333 1396 5392 retinet
1413 5332 1445 5390 in
1461 5330 1576 5390 Christo

1136 5423 1237 5482 Fidem
1251 5425 1424 5499 perlectam.

1100 5515 1196 5573 netas
1207 5513 1408 5586 judexsibilat
1419 5509 1548 5571 medeba
1563 5528 1571 5572 :
