4117 6175
94 210 121 265 73

94 420 217 479 ardue:
229 420 333 479 relaxa
343 420 476 480 facinora
484 420 565 495 plebi
578 426 645 481 tue.
665 424 702 481 P.
710 426 744 481 Et
753 419 908 483 amnesi.

92 510 191 577 Gloria,
204 519 234 568 et
246 510 346 570 bonor
359 510 438 569 Patri
456 511 624 570 liciteretur
637 524 670 583 ta.
686 515 769 581 Ecce,
787 512 869 570 Sion.

402 600 440 657 ln
457 600 622 658 Laudibus.

117 686 909 758 Adcenticamenripbone.secessimbsussslvator

90 792 182 833 nens:
198 775 374 835 fidnciabter
390 792 482 849 agam
502 777 534 835 in
548 794 595 849 co,
610 785 638 836 et
651 794 713 837 non
725 779 849 837 timebo.

288 866 445 924 Canticum
460 868 508 935 (ll
525 867 665 927 Mocbcb.
684 872 716 935 r).

120 954 259 1011 Dominus
271 955 349 1011 Deus
362 954 502 1013 omnium
522 961 649 1027 creator,
665 960 673 975 '
712 956 851 1015 terribilis
879 959 908 1013 et

90 1043 171 1113 lortis,
181 1044 291 1115 justus,
305 1047 335 1102 et
348 1043 526 1102 misericors.

117 1131 201 1187 Solus
211 1146 265 1188 rex
277 1130 386 1201 bonus,
397 1132 452 1205 qui
465 1132 548 1191 solus
567 1137 725 1207 praestans,
749 1135 757 1151 '
771 1134 852 1193 solus
859 1134 906 1207 ju·

89 1228 153 1287 stus,
168 1220 366 1293 omnipotens.

119 1308 175 1376 Qui
186 1308 282 1367 libera
291 1308 378 1367 lsrael
389 1309 427 1367 de
440 1310 523 1369 omni
537 1311 652 1378 melo,‘
670 1313 725 1387 qui
744 1311 838 1370 fecisti
852 1329 905 1387 pa·

89 1404 140 1455 tres
150 1396 502 1468 electos,etsanctilicasti
516 1415 566 1457 eos
585 1418 591 1453 :

117 1486 223 1561 Accipe
244 1486 422 1546 sacrificium
441 1489 478 1544 ab
501 1488 639 1547 universo
665 1490 775 1565 populo
804 1490 903 1559 lsrael,

87 1580 126 1634 'et
134 1576 254 1634 custodi
268 1576 390 1650 plebem
405 1582 498 1646 tuam,
516 1579 719 1650 etsanctillca,

116 1667 281 1737 congrega,
293 1667 429 1735 Domine,
444 1666 648 1743 dispersiones
670 1673 788 1727 nostras
802 1670 849 1727 'et
873 1670 906 1727 li·
922 1677 945 1736 Β

86 1752 148 1811 bera
160 1770 212 1811 eos
224 1754 280 1828 qui
296 1755 429 1813 serviunt
448 1755 591 1814 Gentibus
604 1758 865 1817 contemnentibus
878 1764 906 1817 ct

87 1843 334 1901 abominantibus.

116 1934 253 2007 Respice:
268 1936 303 1991 tJt
319 1934 415 1991 sciant
426 1934 608 2009 Gentesquia
622 1940 690 1993 tues
703 1938 780 1994 Deus
787 1942 905 1995 noster:

88 2024 178 2095 totqne
191 2021 411 2096 opprimentes,
430 2027 459 2081 et
486 2023 700 2082 contumeliam
715 2023 856 2083 facientes
874 2026 906 2083 in

87 2110 230 2184 superbia,
247 2112 297 2169 'et
310 2112 456 2170 constitue
468 2113 616 2188 populum
629 2113 750 2173 tuumin
760 2114 827 2173 loco
838 2130 907 2173 san-

88 2204 201 2259 statuo.

115 2291 144 2346 P.
154 2292 233 2347 Ecce
252 2290 343 2349 enim.

116 2379 222 2447 Gloria,
234 2384 263 2436 et
273 2378 381 2452 bonosi
391 2380 477 2437 Patri.

113 2470 147 2527 P.
163 2468 365 2527 Fiducluliter.

379 2592 624 2652 Matutinarum.

118 2700 154 2759 Sit
173 2700 321 2774 splendor
338 2698 458 2756 Domini
487 2700 539 2757 Dei
554 2700 645 2759 nostri
670 2717 759 2775 snper
778 2718 854 2760 nos:
880 2708 909 2761 et

88 2804 169 2863 opera
182 2793 463 2849 manunmtnarum
475 2787 669 2863 dirigcsuper
678 2790 771 2853 nost.
787 2792 908 2866 Respice

87 2879 222 2937 insessos
234 2884 313 2946 tuos,
327 2882 357 2937 et
369 2878 400 2934 in
412 2893 505 2951 opera
525 2883 586 2946 tua,
598 2884 627 2937 el
650 2879 744 2951 dirige
758 2878 836 2938 lilios
858 2895 908 2938 eo-

89 2968 202 3027 mm.P.
228 2970 261 3024 Et
283 2982 376 3041 opere
395 2983 551 3025 manuum.
578 2966 609 3029 lt.
635 2967 743 3035 Gloria,
759 2975 787 3028 et
813 2970 908 3028 bonor

88 3057 168 3114 Petri.
186 3058 222 3115 P.
239 3058 273 3114 Et
281 3071 373 3132 opera
384 3072 541 3116 manuum.

117 3149 238 3206 Lauda.
250 3148 378 3204 Laudato
394 3147 555 3206 Dominum
566 3149 597 3204 in
610 3149 720 3206 sanctis
731 3149 796 3222 ejus
812 3166 819 3204 :
836 3149 906 3206 alle-

85 3237 151 3306 luie,
164 3236 295 3296 alleluiu.
313 3237 443 3294 Laudato
456 3253 526 3293 eum
541 3239 571 3294 in
586 3238 777 3298 firmamento
792 3237 907 3296 virtutis

86 3328 163 3400 ejus:
179 3327 312 3386 alleluia.
326 3328 464 3386 Psalmus
476 3345 592 3386 cxuvrrr.

115 3418 289 3492 Prophetiu.
305 3415 452 3475 tlaeedicit
463 3418 608 3475 Dominus
621 3437 627 3474 :
640 3417 732 3486 Vade,
741 3415 906 3490 ingredere.

84 3505 134 3575 sol.
149 3509 195 3567 l5.

921 3028 942 3084 G

420 3613 570 3684 Hymnus.

201 3723 279 3778 Ecce
288 3718 422 3778 salrator
436 3735 571 3778 omnrum

164 3809 362 3868 Desideratus
374 3809 516 3882 optimus,

164 3899 323 3958 Adventus
337 3898 425 3971 cujns
442 3897 611 3972 praedictus,

165 3991 317 4048 venturus
328 3992 373 4046 est
384 3987 572 4061 quantocius.

204 4078 386 4136 ltnndemus
397 4075 516 4134 cordas
529 4075 669 4135 sordibus

168 4165 312 4221 Parentes
327 4165 411 4222 vlam
422 4165 548 4224 Domino

168 4253 344 4310 Clamemus
361 4251 462 4312 cordis
476 4269 609 4326 organo:

168 4343 253 4409 Veni,
271 4343 459 4416 Redempter,
473 4343 557 4404 salva
567 4360 636 4404 nos.

204 4437 269 4491 Deo
283 4433 359 4492 Patri
370 4433 408 4490 sit
433 4432 537 4504 gloria,

166 4522 304 4594 Eiusque
320 4520 375 4577 soll
386 4520 470 4588 Pilio,

167 4614 248 4670 Gum
260 4609 372 4684 Spiritu
386 4609 531 4668 Paraclito

165 4703 202 4758 ln
217 4700 403 4773 sempiterna
417 4699 535 4758 sucula.

204 4791 319 4846 Amen.

117 4877 689 4953 snpplicatio.Dremusltedemptorem
703 4878 914 4939 mundiDcmi-

86 4979 153 5024 num
166 4971 324 5025 nostrum.
336 4965 397 5036 sol.
410 4969 437 5024 2.

119 5055 279 5127 chs'tutu.
291 5055 404 5112 liemor
416 5058 490 5124 esto,
507 5055 640 5122 Domine,
653 5054 790 5113 Ecclesia
802 5059 871 5122 tuae,
879 5069 916 5110 ex

94 5141 224 5201 Gentium
235 5141 410 5200 diversitate
424 5143 554 5201 collectae
568 5161 576 5201 r
595 5144 682 5217 eique
704 5143 916 5202 misericordiae

93 5231 221 5290 veritatis
236 5239 299 5290 ture
315 5233 473 5291 thesauros
489 5233 587 5305 pande
600 5249 607 5289 :
620 5238 652 5290 ut
664 5239 692 5291 et
704 5234 819 5290 venisse
830 5241 918 5306 tepro

95 5334 151 5376 sna
163 5321 369 5396 redemptione
379 5321 514 5389 lutatam
527 5327 556 5380 et
570 5337 625 5396 pro
641 5338 697 5380 sue
708 5324 920 5381 remuneratio

91 5423 128 5468 ne
143 5415 308 5470 ventarum
320 5413 352 5471 in
364 5411 660 5484 exultationisjnbilo
689 5410 885 5487 prestoletur.

125 5503 213 5560 Pater
220 5507 336 5561 noster.
350 5507 373 5560 Δ
386 5501 468 5562 malo
480 5518 536 5562 nos
548 5502 651 5577 libera,
668 5506 725 5561 etc.
738 5503 794 5573 sot.
813 5506 853 5560 lo.

125 5591 833 5666 Laudo-Deusmanilesteveniet.Requirefotd.
851 5591 922 5651 Oru-

298 5679 418 5740 Prraor..
438 5679 589 5740 Lxltxvl.

540 206 647 265 seara
667 207 702 265 rv
722 204 814 263 ross
832 202 920 261 nou.
942 203 967 259 tr
984 205 1172 269 sarsurus
1192 214 1331 275 nouus.

93 330 183 389 latitia
193 335 223 389 et
234 330 347 403 gaudio
357 328 545 406 sempiterno.
559 332 590 395 a.
602 334 684 400 Veni,
703 332 839 403 Domine,
848 329 910 389 noli
924 320 957 382 A'

1753 222 1790 287 tt

964 329 1014 389 tio.
1032 334 1168 405 Faenus,
1187 342 1282 416 Pater,
1295 342 1328 399 in
1341 340 1448 415 gratia,
1462 350 1497 401 ut
1508 344 1593 415 infru
1612 348 1711 406 ecdem
1728 352 1785 422 sot.
1814 337 1818 345 ’

1273 430 1322 488 Ad
1340 432 1485 505 vesperos.

997 529 1112 591 Lauda.
1124 538 1148 588 Α
1161 534 1234 593 solis
1244 542 1311 597 ortu
1320 554 1418 613 nsque
1428 538 1716 615 adscensum.sol.l.
1727 547 1788 603 An-

963 614 1219 685 representantur
1246 626 1391 685 Dominus
1418 643 1488 686 cum
1507 628 1640 687 senibus.
1670 631 1784 692 Lauda.

964 705 1116 768 Dexterem
1127 716 1221 787 tuam,
1237 718 1315 774 Deus
1343 718 1471 790 Reperire
1482 720 1541 789 [ol.
1554 721 1581 776 8.

1291 808 1441 879 Hymnus.

1085 894 1388 967 arauatlnigenite,

1049 976 1096 1034 Ad
1110 994 1166 1038 nos
1176 984 1261 1040 venis
1273 1000 1327 1057 per
1337 984 1499 1057 Virginem,

1050 1068 1193 1141 Baptismi
1205 1088 1273 1131 rore
1283 1090 1473 1148 consecrans,
1552 1115 1555 1120 >

1049 1157 1246 1219 Cunctosfida
1266 1178 1458 1235 regenerans,

1084 1247 1126 1303 De
1139 1249 1213 1307 caelo
1232 1251 1330 1309 celsus
1345 1252 1487 1326 prodiens

1049 1335 1170 1409 Excepit
1181 1336 1311 1397 formam
1325 1340 1458 1398 bominis

1048 1423 1146 1483 Victor
1159 1442 1178 1485 a
1189 1433 1284 1487 morte
1295 1429 1424 1498 rediens,

1048 1510 1165 1573 Gaudia
1177 1516 1246 1574 vites
1256 1517 1397 1590 largiens.

1085 1604 1145 1661 Hoc
1159 1608 1197 1673 te,
1213 1606 1402 1681 Redemptor,
1417 1608 1612 1680 'quesumus

1052 1689 1175 1750 illabere
1192 1695 1358 1770 propitius;

1050 1778 1230 1855 Clarumque
1239 1784 1349 1840 nostris
1362 1783 1504 1842 cordibus

1049 1870 1434 1943 Lumenpraebedeificum.

1084 1960 1144 2015 Deo
1157 1960 1236 2017 Patri
1247 1960 1284 2018 sit
1295 1959 1398 2032 gloria,
1418 1964 1475 2019 ete.

995 2062 1180 2135 snpplicatio
1194 2065 1319 2124 Oramus
1331 2068 1564 2142 Redemptorem
1572 2067 1679 2126 mundi
1690 2068 1788 2127 Domi·

961 2160 1186 2212 numnostrum
1200 2155 1302 2213 iesum
1321 2156 1480 2214 Christum.
1506 2157 1713 2228 Quoeresom.

997 2242 1148 2313 Capitale.
1164 2247 1201 2301 Te
1216 2249 1406 2317 expectantes
1414 2260 1601 2319 quaesumus,
1630 2245 1754 2303 Domine
1777 2263 1785 2304 ε

962 2328 1047 2387 salva
1060 2347 1118 2388 nos
1128 2336 1283 2405 sperantes
1295 2332 1327 2390 in
1339 2336 1383 2391 te:
1400 2336 1514 2407 tuoque
1533 2349 1590 2393 nos
1608 2334 1783 2407 redemptos

962 2419 1118 2491 sanguine,
1139 2422 1215 2479 sieut
1227 2437 1259 2479 es
1268 2422 1425 2497 pollicitus,
1441 2423 1600 2481 consolare
1611 2438 1673 2493 ;ac,
1688 2438 1789 2481 remo·

961 2512 991 2565 to
1004 2509 1127 2579 gemitu,
1141 2510 1326 2586 expulsoque
1340 2511 1453 2579 dolore,
1485 2513 1542 2584 18
1562 2511 1790 2586 sempiternum-

962 2597 1107 2667 gaudium
1122 2603 1325 2674 aeternamque
1332 2599 1465 2658 laetitiam
1472 2615 1529 2659 nos
1543 2600 1633 2659 tacito
1642 2598 1788 2660 obtinere.

997 2685 1083 2741 Pater
1097 2692 1210 2744 noster.
1234 2690 1266 2744 Et
1287 2702 1335 2745 ne.
1349 2688 1417 2746 Sed.
1442 2692 1465 2745 Α
1492 2688 1576 2747 malo
1597 2704 1654 2747 nos
1682 2688 1788 2748 libera.

963 2772 1066 2837 Quaere
1075 2774 1130 2844 sol.
1148 2779 1191 2831 10.

994 2860 1175 2919 Benedictio.
1195 2867 1298 2931 Agnus
1319 2862 1380 2933 Dei,
1393 2862 1446 2935 qui
1460 2861 1532 2920 olim
1561 2860 1645 2921 venit
1666 2865 1790 2937 peccatu

963 2948 1063 3006 tollere
1072 2949 1189 3018 mundi,
1201 2949 1318 3008 auferat
1329 2966 1349 3007 a
1360 2947 1449 3008 nobis
1458 2965 1579 3009 ornnem
1589 2950 1788 3012 colluvionem

962 3037 1069 3096 delicti.
1097 3049 1130 3109 rt.
1144 3042 1250 3096 Amen.
1282 3038 1324 3113 Et,
1350 3040 1401 3113 qui
1425 3038 1507 3098 venit
1529 3039 1686 3114 redimere,
1706 3041 1789 3116 quod

962 3129 1091 3202 perierat
1101 3144 1108 3195 ;
1120 3126 1159 3185 ad
1173 3127 1232 3186 hoc
1249 3128 1358 3186 iterum
1377 3129 1483 3195 reniet,
1502 3135 1534 3187 ut
1548 3131 1704 3208 redempte
1727 3147 1790 3190 non

961 3217 1077 3293 puniat.
1102 3228 1134 3287 ru.
1162 3221 1267 3274 Amen.
1302 3219 1366 3285 Quo
1393 3234 1464 3275 cnm
1488 3218 1548 3284 illo,
1573 3220 1680 3293 inquo
1695 3220 1788 3278 fidem

962 3312 1096 3364 nostram
1108 3306 1275 3380 dirigimus,
1287 3307 1432 3378 gaudium
1447 3314 1635 3381 perpetuum,
1653 3325 1723 3366 cum
1738 3325 1789 3366 ve·

961 3393 1234 3460 neribbabeamus.
1252 3406 1285 3467 le.
1301 3402 1405 3453 Amen.

997 3483 1296 3542 Per-misericordiam
1311 3485 1405 3558 ipsius
1417 3483 1467 3540 Dei
1480 3481 1584 3551 nostri,
1600 3487 1655 3540 etc.

996 3571 1104 3630 Lauda.
1120 3571 1286 3632 llanisieste
1299 3574 1405 3630 veniet
1421 3573 1657 3644 uerberasset.

998 3663 1110 3720 Oratio.
1125 3664 1192 3735 Pac,
1204 3677 1270 3736 nos,
1285 3665 1378 3720 Pater.
1395 3661 1432 3718 Dr
1446 3660 1543 3733 infra.

1265 3771 1406 3837 obruta
1420 3769 1524 3827 Denta

1253 3880 1303 3936 Ad
1318 3879 1516 3940 Matutiuum.

999 3986 1181 4056 Antiphone.
1190 3988 1333 4055 terame,
1349 3989 1482 4056 Domine,
1494 3987 1534 4046 ab
1547 3987 1692 4060 injustitia
1704 4003 1788 4046 mear

964 4081 1022 4135 eta
1036 4075 1167 4148 peccatis
1179 4076 1377 4136 meismunda
1387 4092 1439 4136 cor
1449 4094 1564 4136 meum.
1580 4078 1714 4136 Psulmus
1725 4093 1752 4133 n.

1001 4164 1113 4221 Oratio.
1144 4165 1233 4231 Deus,
1248 4165 1300 4222 Dei
1325 4165 1423 4235 Pilius,
1454 4166 1541 4239 cnjus
1579 4165 1611 4222 ln
1644 4171 1791 4224 aeternum

964 4257 1131 4327 permanet.
1146 4254 1273 4327 Require
1282 4255 1336 4326 sol.
1353 4259 1381 4313 3.

1000 4329 1182 4412 Autipboc'c.
1201 4341 1358 4399 Ambulate
1369 4357 1423 4416 per
1441 4348 1544 4415 portas
1561 4357 1656 4411 mess,
1667 4349 1697 4402 at
1708 4344 1790 4402 vlam

964 4430 1052 4489 facite
1062 4429 1141 4504 plebi
1159 4446 1253 4488 meu:
1268 4429 1396 4504 lapides,
1422 4431 1556 4504 quisunt
1569 4431 1600 4488 in
1613 4433 1671 4501 via,
1697 4432 1793 4490 revol-

965 4518 1036 4577 vite.
1051 4522 1091 4579 P.
1112 4522 1185 4577 Ecce
1200 4520 1347 4577 Dominus
1359 4519 1533 4577 renistcnm
1549 4520 1656 4578 salute.
1667 4520 1791 4582 blisal-

966 4614 1025 4668 tete
1041 4609 1114 4681 iusti
1126 4609 1157 4667 in
1170 4609 1312 4667 Domino:
1337 4613 1434 4666 rectos
1449 4609 1535 4667 decet
1546 4609 1738 4668 collaudatio·
1757 4610 1789 4668 P.

968 4701 1041 4754 Ecce
1056 4697 1199 4754 Dominus
1219 4697 1325 4755 veniet.
1341 4697 1373 4760 lt·
1389 4696 1495 4766 Gloria,
1517 4697 1748 4769 ethonorl’utri,
1764 4700 1793 4754 et

968 4785 1050 4851 Filio,
1063 4791 1119 4842 etc.
1132 4784 1166 4842 P.
1185 4789 1259 4844 Ecce
1273 4786 1418 4845 Dominus
1432 4787 1530 4844 veniet
1542 4802 1613 4844 cum
1623 4787 1727 4845 salute.

1005 4874 1115 4933 Oratio.
1128 4876 1273 4948 Faenus,
1299 4877 1393 4940 Pater,
1421 4874 1453 4931 in
1473 4876 1612 4948 grstiaet
1643 4875 1796 4948 agnitione

969 4967 1041 5022 lesu
1055 4963 1160 5022 Christi
1169 4964 1222 5021 fllii
1231 4964 1284 5034 tui,
1309 4963 1428 5021 Domini
1447 4965 1551 5033 nostri,
1571 4964 1701 5025 dilatatis
1730 4983 1796 5026 sen·

971 5053 1055 5110 sibus
1065 5068 1216 5110 crescere:
1240 5057 1283 5124 nt,
1306 5057 1494 5126 expectantes
1525 5052 1697 5115 Adventum
1720 5056 1795 5131 ejus,

971 5141 1173 5200 immaculatis
1189 5141 1367 5214 vestigiisad
1380 5142 1461 5200 diem
1468 5143 1794 5222 judiciiproperemus:

973 5247 1035 5304 quo
1050 5231 1115 5303 ejus
1128 5230 1226 5302 gratia
1238 5230 1288 5289 hic
1301 5231 1345 5288 sic
1364 5248 1431 5290 reos
1448 5232 1597 5302 absolvat,
1613 5240 1646 5292 ut
1658 5235 1689 5291 in
1698 5234 1797 5291 luturo

975 5319 1098 5394 culpam
1112 5321 1309 5381 intereuntem
1323 5338 1386 5381 non
1395 5325 1507 5397 puniat.
1521 5337 1553 5400 ts.
1568 5329 1676 5383 Amen.

1011 5411 1223 5483 scriptiones.
1238 5412 1315 5472 triete
1328 5413 1427 5481 nobis,
1451 5416 1585 5482 Domine,
1597 5411 1744 5471 auxillum
1761 5408 1800 5469 de

978 5500 1135 5568 sancto,P.
1155 5502 1190 5560 st
1201 5499 1239 5560 de
1258 5501 1330 5562 Sion
1343 5506 1426 5562 tuere
1450 5518 1517 5563 nos.
1533 5501 1564 5563 tl.
1580 5499 1715 5564 Domine,
1744 5497 1802 5557 sal·

979 5606 1035 5651 vos
1045 5605 1101 5650 nos
1112 5590 1161 5650 iso
1176 5607 1184 5660 ;
1199 5591 1365 5659 oDomine,
1376 5591 1453 5650 bene
1462 5602 1657 5733 prosperage:
1677 5585 1804 5649 benedi·
