4117 6175
134 130 193 205 ιἰι
833 140 1079 224 asserentum.
1791 179 1845 235 ras

171 266 218 329 Ad
231 267 393 346 vesperum
401 268 608 335 demorabitur
621 274 709 335 fletus
722 280 775 336 ’et
786 278 826 337 ad
846 279 964 337 matuti·
979 280 1003 337 A
1017 298 1087 344 mea
1098 284 1114 318 s
1124 284 1218 345 libera
1229 302 1278 344 me
1293 304 1299 346 :
1315 290 1342 345 et
1356 289 1435 361 eripe
1450 304 1498 350 me
1511 293 1548 351 da
1562 297 1845 362 manibusiuimieo·

129 360 326 420 numicetitia.
1016 386 1085 431 rum
1098 378 1647 452 meorum,etapersequeutibustna.

170 451 231 523 Ego
243 450 724 515 autemdixiinmeaabundanlia
738 472 747 515 c
761 456 851 517 *Non
863 472 962 517 more·
1051 460 1128 519 Ana.
1145 462 1280 537 Domine,
1294 479 1351 524 ooo
1370 470 1548 539 consecutur,
1569 474 1639 543 pata
1655 474 1793 535 invocabi
1805 484 1842 537 ta.

127 537 191 598 bor
200 556 232 597 ιιι
245 544 399 599 ieiunum·
1049 563 1083 645 R
1108 568 1256 629 lulumina
1268 572 1377 633 faciem
1390 576 1473 631 luam
1486 591 1575 649 super
1594 590 1713 639 serrum
1729 584 1814 642 tunm
1827 593 1844 627 ι

169 625 305 700 Domine,
318 628 350 688 in
364 627 517 690 voluntate
526 634 578 694 tua
596 634 756 709 praestitisti
775 635 873 695 decori
887 652 957 696 meo
1011 656 1041 712 οι
1053 658 1169 713 salvum
1180 674 1229 715 me
1243 657 1291 717 ιω
1305 662 1334 716 pn
1348 666 1399 719 rua
1408 662 1621 723 misericordia,

126 718 730 795 virtutcm’aserilstiiic'iemtuamume,
741 723 955 785 attactussuin
1044 726 1172 786 Domine
1190 744 1253 787 non
1276 731 1444 791 confundar
1461 735 1607 807 quoniam
1626 736 1764 800 invocabi
1781 744 1841 803 to*

125 800 334 868 centurbium.
1008 814 1184 876 erubescant
1198 816 1295 895 impii,
1309 823 1338 879 et
1351 820 1536 882 deducantur
1548 823 1580 882 in
1591 819 1752 885 internum.

161 896 206 955 Ad
222 900 261 990 ta,
273 898 408 971 Ιιοιιιιιι,
422 899 782 963 emmerammum
791 918 894 965 meum
903 904 954 963 de-
1043 907 1121 963 btuta
1133 906 1300 967 efficiantur
1317 909 1538 987 labiainiqual
1552 928 1619 991 quar
1633 912 1773 975 locuntur
1785 918 1838 977 ad·

122 983 282 1061 precabdr'.
526 988 529 994 '
640 994 643 1000 '
1006 1005 1112 1052 uersus
1142 994 1253 1056 iustum
1275 996 1473 1077 iniquitatem,
1496 1000 1527 1061 lu
1546 1002 1697 1076 superbia,
1718 1006 1747 1066 at
1768 1006 1838 1067 eon·

161 1070 235 1143 Qua
247 1072 360 1136 utilitum
373 1076 406 1137 in
419 1079 567 1153 sanguiris
581 1091 650 1141 meo
659 1077 756 1141 lduim
770 1082 952 1144 descendero
1006 1087 1133 1158 templu.

124 1163 158 1222 in
167 1162 412 1239 corruptionem?
1044 1173 1140 1241 Quam
1154 1174 1430 1248 magnamultitudo
1443 1176 1610 1239 dulcedinis
1621 1182 1689 1251 tua,
1698 1180 1836 1253 Domine,

161 1255 316 1329 Numquid
323 1256 512 1318 confitebitur
525 1259 579 1318 tibi
592 1260 690 1335 pulvis
699 1258 775 1321 'aut
788 1262 953 1321 adnuncia-
1007 1276 1102 1335 quam
1113 1260 1298 1323 abscondisti
1312 1267 1483 1325 timentibus
1491 1274 1519 1326 te
1531 1270 1538 1327 t
1553 1268 1605 1327 *et
1618 1268 1764 1342 perfecisti
1773 1288 1838 1345 spe·

125 1340 335 1403 bitreritatem
344 1345 454 1409 inanit
573 1349 576 1354 ’
1008 1350 1145 1408 rantibus
1160 1350 1192 1408 ln
1208 1352 1245 1420 te,
1259 1353 1291 1410 in
1305 1358 1467 1428 conspectu
1480 1354 1612 1414 tiliorum
1631 1356 1801 1416 hominum.

161 1431 286 1492 audibit
299 1434 645 1503 commurmuratus
655 1442 698 1500 ast
711 1440 771 1501 mei
781 1442 798 1477 ⁸
810 1434 955 1500 Dormitum
1044 1438 1218 1499 Abscondes
1233 1457 1285 1500 eos
1294 1443 1326 1500 in
1339 1443 1443 1502 abditu
1458 1443 1554 1502 vultus
1568 1446 1621 1516 tui,
1645 1462 1664 1504 a
1682 1448 1840 1507 conturba-

126 1518 225 1578 iaatus
238 1517 285 1579 esi
297 1518 417 1581 ιᾶιιιιοι
429 1539 526 1585 maus.
1008 1526 1089 1587 tione
1101 1528 1260 1590 hominum
1274 1530 1489 1606 'protegeseos
1501 1532 1533 1591 in
1548 1530 1743 1594 tabernaculo
1755 1538 1840 1597 tuoe

161 1610 501 1685 concarnatiplsuctum
520 1614 623 1676 meum
635 1618 667 1675 iu
685 1615 832 1690 gaudium
851 1618 953 1677 milri*
971 1580 1244 1677 Βιιιιιιιιιιιιιιοιιι
1257 1620 1440 1691 linguarum.

125 1694 283 1756 concidisti
290 1695 412 1760 saccum
423 1703 534 1772 mcum,
547 1706 575 1764 at
585 1706 766 1780 prrecinxistt
780 1722 828 1765 me
838 1706 950 1767 retina.
1044 1706 1218 1765 Benedictus
1232 1706 1386 1777 Dominus,
1402 1708 1549 1784 quoniam
1563 1708 1735 1772 mirificavit
1750 1714 1839 1773 mise·

161 1784 951 1870 ntconteratigloriamecetucnccmpungurrno.
1006 1793 1167 1853 ricordiam
1184 1797 1463 1855 uam*iuciritate
1475 1798 1703 1857 circunstantiae.

124 1872 208 1935 mina
222 1870 298 1936 Deus
312 1876 399 1937 maus
416 1876 449 1939 in
463 1881 608 1942 aeternum
618 1882 783 1945 confitebor
796 1883 861 1947 tibi.
1044 1884 1106 1955 Ego
1119 1884 1218 1943 autem
1228 1882 1259 1941 in
1270 1902 1379 1959 pavore
1398 1897 1466 1945 meo
1480 1886 1627 1959 proiectus
1639 1904 1707 1947 sum
1721 1890 1836 1949 audin

330 1966 335 1971 *
352 1967 357 1975 ’
442 1969 446 1974 ’
503 1962 579 2031 XXX.
1007 1970 1166 2033 oculorum
1179 1976 1299 2032 tuorum
1310 1974 1326 2009 s
1339 1972 1407 2032 ideo
1420 1975 1565 2034 exaudisti
1572 1992 1678 2035 vocem
1691 1976 1836 2054 depraca-

333 2057 366 2116 ln
379 2059 473 2118 tinem
485 2055 745 2123 Psalmnsilavld.
1006 2062 1096 2121 donis
1114 2078 1199 2131 mea,
1215 2062 1289 2121 dum
1308 2078 1426 2121 orarem
1439 2064 1479 2121 ad
1490 2068 1525 2122 ιι.

158 2146 235 2204 Ana.
245 2145 637 2223 lntellominasperabinon
647 2152 815 2212 confundar
827 2154 860 2211 in
870 2158 951 2214 ater·
1042 2147 1158 2223 Diligite
1172 2149 1333 2209 Dominum
1351 2168 1456 2210 omnes
1471 2150 1566 2210 sancti
1580 2152 1644 2211 eius
1656 2154 1672 2187 ι
1690 2154 1837 2229 qnoniam

126 2246 200 2290 uum
215 2250 224 2290 r
238 2234 271 2291 in
282 2226 335 2294 tua
345 2231 457 2297 iusdtla
469 2236 565 2298 libera
578 2254 637 2307 me,
649 2245 679 2299 ιι
688 2242 770 2315 eripe
785 2257 844 2300 me,
1007 2241 1164 2298 raritatem
1175 2241 1305 2313 requiret
1324 2242 1480 2309 Dominus,
1496 2244 1525 2299 et
1544 2240 1686 2302 retribuet
1707 2242 1766 2316 his,
1787 2227 1838 2319 qui

164 2324 232 2399 [xa]
245 2323 359 2384 inclirm
370 2326 411 2385 ad
424 2343 473 2389 me
488 2343 592 2391 amem
602 2332 685 2390 tuam
694 2335 710 2371 ι
720 2338 749 2390 ιι
763 2325 908 2407 accelera,
920 2333 955 2392 ut
1010 2328 1196 2388 abundanter
1210 2328 1323 2389 iaciunt
1336 2328 1517 2403 superbiam.

126 2410 234 2485 eripias
245 2425 307 2471 ma.
397 2413 401 2419 '
669 2419 672 2423 ’
980 2492 984 2501 Ι
1046 2415 1171 2476 viriliter
1182 2418 1269 2489 agite,
1290 2422 1319 2476 ιι
1333 2416 1514 2478 confortetur
1526 2434 1578 2479 cor
1598 2422 1731 2480 vestrum
1744 2416 1760 2455 ¹
1773 2434 1836 2481 om·

160 2504 230 2560 neto
241 2503 315 2561 mibi
328 2504 360 2561 in
371 2508 464 2565 baum
474 2510 683 2581 protectorem,
696 2511 725 2570 ιι
738 2508 770 2568 ln
780 2510 881 2571 locum
891 2518 957 2570 rust·¹
1010 2521 1066 2565 nes
1088 2507 1141 2581 qui
1153 2506 1279 2579 speratis
1287 2506 1320 2563 in
1332 2506 1470 2565 Domino.
1832 2498 1836 2503 ’

126 2589 224 2649 ultum
241 2589 436 2653 *uisurum
448 2594 612 2656 mafacias.
1040 2598 1042 2601 ’
1383 2610 1472 2670 xllxl.

162 2682 955 2761 Quoniamtirmamentummeum,etralngiummeum

128 2784 158 2827 ιι
175 2764 210 2829 tu
223 2766 239 2809 ι’
252 2771 282 2829 ιι
295 2775 417 2847 propter
439 2789 553 2834 nomen
573 2779 659 2835 tuum
674 2773 737 2835 dux
751 2773 826 2835 milri
842 2778 910 2850 eris,
924 2782 955 2838 et

127 2860 257 2917 enutries
271 2874 330 2933 me,
339 2867 368 2919 et
380 2862 549 2923 educasma
563 2864 734 2943 abisquae,
748 2868 955 2941 quemsmtue.
1047 2864 1124 2919 inu.
1141 2860 1300 2919 Enattatio
1314 2873 1379 2919 mea
1388 2860 1485 2918 ocus:
1499 2858 1607 2918 redime
1619 2874 1698 2921 meo
1714 2860 1836 2921 circae·

126 2952 196 3006 runt
206 2946 291 3007 mihi.
976 2917 998 2979 C
1012 2948 1149 3008 dealitas
1159 2964 1214 3008 me.

162 3038 312 3107 Quoniam
326 3043 359 3099 tu
370 3054 401 3099 aa
415 3044 565 3116 protector
574 3058 670 3117 mens,
684 3043 809 3103 nomine
819 3044 835 3079 ι
845 3045 875 3103 in
889 3062 954 3106 ma.
1046 3040 1127 3098 Beati
1138 3054 1268 3115 qnorum
1282 3038 1415 3098 remissa
1428 3038 1497 3096 sunt
1509 3036 1707 3114 iniquitates*
1720 3042 1749 3098 et
1764 3055 1837 3116 quo·

127 3128 262 3186 nucinas
276 3131 457 3188 commendo
471 3131 610 3208 spiritum
625 3148 738 3191 meum.
1008 3145 1077 3187 rum
1091 3133 1168 3189 tecta
1181 3133 1250 3188 sunt
1263 3131 1396 3204 peccata.

162 3207 325 3277 Redemisti
340 3217 522 3278 manamine
538 3219 615 3279 neus
628 3219 781 3280 veritatis*
791 3223 878 3284 odisti
891 3238 954 3283 om·
1045 3219 1202 3278 Beatusrir
1211 3217 1804 3293 cuiucnimputuuitDominuspeccatum
1817 3227 1834 3263 ι

128 3319 182 3364 nes
197 3300 390 3367 observantes
403 3310 569 3368 vanitatem
582 3324 779 3385 supervacua.
1007 3308 1305 3366 necestinoreeius
1320 3304 1418 3364 dolus.
1690 3325 1694 3332 ·

161 3397 227 3467 Ego
239 3401 340 3456 autam
352 3398 385 3456 tn
401 3397 528 3457 Domino
538 3397 667 3474 'sperabo
678 3397 855 3473 *exarcha
866 3404 895 3460 et
905 3401 954 3460 ia·
1044 3397 1193 3463 Quoniam
1207 3395 1286 3455 tacui
1295 3395 1534 3454 inveteraverunt
1549 3393 1652 3454 omnia
1662 3409 1811 3456 ossamea
1820 3405 1837 3438 ι

128 3477 216 3542 tabo'r‘
232 3483 266 3543 ln
277 3481 331 3544 inu
343 3472 560 3545 misericordia.
1007 3486 1082 3544 dum
1101 3486 1265 3544 clamarem
1275 3488 1337 3543 tota
1350 3483 1410 3541 die.

164 3575 242 3641 Quia
255 3576 412 3650 respexisti
423 3576 622 3634 humilitatem
643 3590 756 3649 meam,
770 3577 887 3637 salbam
907 3579 953 3637 fa-
1044 3573 1386 3644 Qnouiamdie,acnocte
1397 3574 1836 3645 grauataastsupermemauns

129 3658 192 3720 cisti
200 3660 240 3720 de
254 3654 483 3722 necessliaiibus
497 3653 632 3723 animam
640 3665 763 3726 meam*
772 3666 952 3726 neoconelu-
1007 3663 1086 3726 tua*
1100 3676 1260 3721 conversus
1272 3677 1339 3719 sum
1354 3659 1383 3719 in
1399 3675 1544 3726 arumna,
1556 3659 1630 3718 dum
1641 3659 1836 3734 confringitur

127 3749 191 3809 sisti
209 3753 425 3814 meinmanus
435 3754 560 3814 inimici.
754 3770 758 3776 ·
1007 3754 1105 3827 spina.

165 3839 299 3900 statuisti
309 3841 341 3900 in
353 3838 485 3916 spati'oso
497 3834 675 3916 lbeo'pedes
689 3859 773 3902 meos
784 3844 801 3881 ι
811 3844 953 3905 miserere
1042 3830 1186 3900 Delictum
1193 3846 1355 3912 mcumegc
1366 3850 1500 3911 agnosco
1509 3837 1532 3912 ;“
1547 3837 1575 3896 et
1586 3834 1744 3898 iniustitias
1752 3855 1835 3900 meus

125 3929 334 3999 meibomius,
348 3931 493 4005 quoniam
506 3931 643 3990 tubulos.
851 3958 859 3971 ·
1005 3930 1195 4005 nonoperui.

161 4011 362 4079 conturbatus
377 4018 422 4079 est
435 4019 495 4093 pra
513 4019 559 4078 ira
582 4017 687 4079 oculus
700 4024 788 4079 incus
806 4019 821 4058 ι
849 4021 954 4084 aalma
1044 4014 1123 4078 Qixi:
1144 4015 1354 4076 pronunciabo
1364 4015 1742 4076 adversummeinluslitias
1750 4033 1834 4077 meas

126 4123 206 4178 mea,
219 4111 250 4168 ιι
261 4101 365 4169 tenter
377 4110 474 4166 meus‘.
1007 4111 1135 4169 Domino
1144 4109 1160 4143 ἰ
1169 4110 1199 4164 ιι
1211 4111 1244 4165 tu
1256 4103 1395 4164 remisisti
1410 4103 1595 4181 impietatem
1608 4103 1709 4164 cordis
1727 4107 1797 4166 mei.

160 4199 311 4267 Quoniam
324 4198 429 4258 deiecit
440 4200 471 4258 iu
483 4197 587 4258 delore
597 4200 658 4259 vita
672 4207 764 4259 mea*
772 4205 802 4260 at
812 4203 885 4261 anni
894 4205 954 4262 mai
1043 4200 1098 4256 Pro
1112 4197 1169 4255 hoc
1183 4191 1280 4256 orabit
1291 4193 1330 4254 ad
1344 4191 1482 4254 teomnis
1493 4198 1614 4254 sauctus
1627 4191 1644 4234 i
1657 4195 1833 4276 intempore

124 4287 155 4345 in
179 4287 348 4361 gemitibus
396 4285 399 4291 ’
464 4323 468 4329 ·
642 4274 644 4283 ’
969 4271 1189 4364 Ρορροιιιιιιο.

160 4370 333 4435 ludrmalus
353 4367 400 4434 ιιι
415 4366 455 4450 liu
481 4373 659 4451 paupertate
677 4377 762 4450 rigor
785 4390 872 4438 meus
896 4377 955 4441 *et
1045 4371 1420 4435 Verumtamcuindiluvio
1432 4386 1581 4451 aquarum
1591 4373 1780 4435 multarum*
1793 4375 1833 4438 ad

124 4479 196 4525 osea
210 4465 468 4524 meaaonturbata
481 4470 560 4523 sunt.
947 4462 950 4467 ⁴
1009 4481 1154 4526 eumnon
1168 4461 1432 4539 adproximabunt.

161 4549 227 4612 Prae
241 4553 383 4613 omnibus
401 4548 530 4612 inimicis
552 4552 630 4612 meis
653 4555 748 4613 taetus
765 4573 832 4614 sum
847 4573 956 4634 opprc-
1046 4539 1625 4628 luminiesrerugiumcpressura,qua
1636 4551 1834 4613 circumdedit

122 4643 225 4702 briam
237 4643 344 4702 vicinis
357 4644 432 4701 meis
446 4643 576 4701 nimium
593 4655 626 4700 τι
639 4647 667 4702 ιι
678 4643 766 4703 timor
778 4646 856 4704 notis
868 4648 954 4706 meis·
1010 4661 1076 4723 me·
1089 4645 1229 4704 exultatio
1235 4644 1423 4702 menradime
1434 4643 1831 4704 meacircumdanlibusma.

161 4727 272 4791 Omnes
286 4733 339 4807 qni
351 4731 496 4791 uidebant
511 4728 561 4789 me
575 4731 656 4803 ioris,
681 4733 835 4806 fugiebant
848 4752 867 4794 a
884 4753 931 4796 rua
945 4794 955 4816 ,
1047 4733 1230 4793 intellectum
1243 4733 1324 4790 dabo
1333 4731 1395 4805 libi,
1410 4729 1595 4791 etiustruam
1607 4727 1833 4806 torturisque

122 4821 218 4882 eroldi
233 4826 378 4896 anquam
390 4826 528 4881 mortuus
538 4837 557 4880 a
567 4822 667 4893 corda,
680 4826 709 4880 et
719 4821 814 4882 iaetus
827 4841 903 4893 sum,
917 4826 954 4900 sl,
1008 4823 1167 4898 egredieris
1183 4840 1190 4880 :
1205 4820 1333 4880 firmabo
1352 4837 1443 4896 super
1456 4825 1484 4881 ιι
1498 4819 1600 4881 oculos
1611 4834 1704 4878 meos.

120 4908 175 4969 cni
185 4920 240 4968 ras
253 4909 414 4985 perditum.
1043 4913 1136 4972 Nolite
1147 4911 1212 4968 fieri
1226 4911 1301 4968 sicut
1313 4926 1421 4985 equus,
1437 4915 1465 4968 ιι
1477 4909 1586 4978 mulus,
1601 4908 1632 4965 in
1645 4907 1757 4987 quibus
1767 4925 1830 4970 non

158 5000 309 5067 Quoniam
324 4996 431 5058 audibi
440 4999 692 5074 vituperationem
703 4999 888 5060 multorum*
899 5003 952 5060 eir·
1006 5009 1051 5062 est
1063 4999 1227 5059 intellectus
1240 5007 1256 5042 ι
1267 4999 1299 5056 ln
1319 4997 1413 5067 treuo,
1429 5003 1458 5056 et
1472 5014 1559 5056 camo
1571 4995 1711 5058 maxillas
1723 5013 1829 5058 eorum

117 5106 197 5148 cum
216 5089 415 5147 habitantium
430 5103 489 5146 me.
1006 5090 1185 5162 constringe,
1199 5087 1249 5161 qui
1270 5103 1331 5145 non
1344 5087 1555 5162 adproximant
1566 5083 1606 5144 ad
1616 5091 1655 5143 ιι.

159 5169 192 5236 in
209 5193 246 5237 eo
259 5165 333 5236 dum
346 5181 599 5249 congregarentur
612 5193 718 5236 omnes
737 5176 825 5235 simul
846 5179 950 5238 adver·
1041 5179 1128 5238 ltalia
1142 5175 1260 5248 flagella
1271 5183 1462 5251 peccalorum
1480 5175 1661 5251 *sperantes
1676 5176 1778 5234 autam
1796 5174 1829 5232 ia

118 5284 195 5327 sum
210 5283 268 5336 me,
283 5274 316 5324 ut
331 5266 497 5342 acciperent
511 5267 644 5324 animam
665 5282 765 5325 meam
780 5284 789 5326 t
804 5267 950 5328 consulati
1006 5266 1133 5324 Domino
1144 5265 1349 5325 misericordia
1362 5265 1571 5325 circumdabit.

119 5357 221 5417 sunt*
233 5371 290 5429 ego
301 5356 412 5416 veroin
427 5361 455 5414 te
465 5356 591 5430 sperabi,
602 5355 737 5415 Domine.
1042 5353 1195 5414 laetamini
1205 5353 1237 5412 in
1252 5353 1387 5424 Domino,
1405 5357 1433 5414 ιι
1451 5352 1578 5413 exultate
1594 5352 1674 5428 iusti,
1691 5351 1750 5411 *at
1767 5349 1830 5428 glo·

162 5447 247 5504 nixi:
262 5448 305 5505 lu
314 5461 347 5504 es
360 5445 439 5504 Deus
452 5459 539 5504 meus
548 5445 580 5504 in
593 5445 735 5507 manibus
745 5443 804 5505 tuis
814 5449 951 5521 tempora
1004 5443 1123 5503 riamini
1131 5444 1318 5504 omnesrecti
1331 5443 1433 5504 corde.

1207 2739 1239 2797 ln
1248 2736 1341 2795 finam
1355 2735 1520 2794 intellectus
1535 2736 1640 2795 David.
