4117 6175
97 208 146 263 aaa
680 198 857 261 nouimus
876 199 889 256 1
909 198 1212 270 QUADRAGESIMAE.
1746 216 1800 283 270

10 361 11 366 κ
98 331 159 402 ejus
170 327 252 392 Seth,
266 325 371 384 dicens
387 342 394 383 :
408 326 511 385 Posuit
533 326 605 385 mihi
620 328 697 386 Deus
712 307 817 385 semen
839 298 985 389 studi

94 434 143 493 pro
157 415 240 484 Abel,
256 421 350 490 quem
365 412 474 473 araldit
483 414 565 475 Cain
581 416 640 474 Sed
650 421 683 476 et
690 416 759 475 Seth
773 419 862 474 natus
877 411 938 473 eat·

96 508 180 573 filus,
195 518 290 579 quern
303 504 531 563 voradtltnos:
548 502 603 564 iste
618 504 856 580 ooepitinrooara
866 519 920 563 no·

96 612 162 654 men
180 593 312 654 Domini.
327 598 363 665 tt.
383 594 491 652 Amen.

128 684 313 756 turpiora.
327 682 356 739 t.
368 680 554 743 desideriam
562 695 733 759 pauperum
744 684 855 743 muudi
865 684 921 742 no

97 774 204 832 minus.
216 772 357 831 Petimus
367 780 405 830 tx.

132 864 244 921 Oratio.
259 860 365 920 Exalta
378 875 434 919 nos
448 858 576 921 Domine
589 858 627 921 de
649 860 743 938 portis
760 863 878 937 mortis,
888 864 922 921 ut

98 948 919 1029 laudestuasinportisiilitaSionadnuntiarepossimus:

98 1042 166 1099 illue
179 1055 236 1099 nos
248 1040 408 1114 pertraha3
423 1040 533 1099 atinde
546 1052 603 1099 nos
614 1052 737 1101 remove
751 1058 759 1100 ε
771 1045 806 1100 ut
816 1040 857 1099 ad
868 1055 921 1099 su·

97 1126 919 1205 pemamvotuntaten,nnattsnostraseandatereotio,

97 1224 124 1277 et
131 1218 431 1291 undrmnmopera,
441 1217 646 1278 conversionis
653 1224 764 1277 nostrae
770 1218 921 1292 relinquat

96 1308 231 1367 intentio.
241 1318 275 1379 p.
288 1312 391 1365 Amen.

132 1396 189 1455 Per
202 1394 439 1455 miseridordiam
452 1400 545 1471 tuam,
565 1400 620 1456 eto.

129 1480 794 1559 tmpeoeamudusoommusetjustitiam
800 1479 921 1544 dilexit:

98 1573 268 1649 equitatem
279 1573 360 1631 ridet
372 1572 473 1631 vultus
486 1571 561 1647 eius.
573 1572 684 1632 Psotm.
697 1588 726 1631 x.

131 1662 246 1720 Oratio.
261 1664 364 1720 tostus
373 1660 549 1735 esllomiue,
560 1661 743 1734 etiustitiam
755 1658 867 1735 diligis,
880 1664 963 1737 set-:g

98 1767 152 1826 que
164 1750 277 1825 aspicis
289 1750 463 1825 aquitatem
479 1767 486 1809 ε
503 1751 544 1810 da
556 1748 645 1810 nobis
663 1754 732 1811 aute
746 1746 851 1810 oculos
869 1749 923 1810 tibi

97 1841 207 1915 planita
219 1844 249 1898 et
258 1840 408 1914 placitura
418 1839 577 1914 perfluere;
592 1843 621 1899 et
632 1840 851 1917 semperdigna
864 1844 923 1899 tute

95 1929 216 2001 justitia
237 1933 326 2003 atque
347 1922 497 2003 aequitatis
519 1943 612 2005 opera
634 1941 858 1989 consummare.
889 1940 923 2001 a.
970 1947 974 1953 ·

99 2021 202 2077 lmen.
231 2023 234 2027 '

131 2108 189 2165 Per
203 2104 448 2166 misericordiam
460 2110 553 2167 taam

128 2196 305 2267 tntiptono
321 2198 347 2253 t.
361 2193 405 2253 'lu
415 2198 539 2254 Domine
553 2192 751 2255 servabisnos
765 2211 774 2253 t
788 2188 925 2255 donato·

101 2284 161 2342 dies
174 2286 269 2342 nost
286 2284 488 2355 generatione,
502 2284 533 2344 iu
544 2282 698 2359 progenie.
708 2280 843 2343 Protinus
851 2285 889 2341 xi.

125 2384 156 2445 p.
176 2374 397 2431 mundamur
422 2372 462 2432 ad
483 2370 646 2433 ilominum
661 2370 755 2431 Deum
772 2377 921 2432 nostrum.

94 2462 122 2518 Ρ.
131 2462 288 2529 Quoniam
296 2462 448 2536 benignus
456 2478 492 2521 aa
501 2462 581 2520 mitis
591 2465 635 2521 esi
644 2458 683 2521 ari
693 2462 923 2534 ignoscendum.

94 2551 238 2613 monito
248 2552 415 2610 exultemus
425 2552 457 2609 in
470 2552 598 2611 Domiuo
612 2570 622 2609 .·
634 2546 799 2625 iubilemus
809 2548 868 2611 lieo
878 2567 925 2611 sa·

94 2640 177 2698 lutari
198 2645 317 2700 nestro.
333 2642 370 2701 Ρ.
386 2642 536 2708 Quoniam
549 2640 710 2713 benignus.
721 2640 757 2705 i.
776 2639 884 2713 Gloria,
896 2644 926 2698 et

95 2728 190 2788 honor
206 2730 298 2787 Patri.
314 2731 481 2789 Reiteretur
493 2742 526 2803 p.

126 2819 244 2878 Proca
255 2819 301 2875 Ad
313 2821 341 2876 to
355 2818 535 2889 clamamus,
545 2817 681 2878 Domine.
693 2819 725 2876 Ρ.
737 2818 882 2886 Miserere,
896 2819 927 2875 et

95 2921 184 2980 parce
205 2907 332 2981 populo.
358 2919 391 2980 lp.
405 2908 604 2974 sarcerdotem
624 2911 717 2983 orate,
746 2911 776 2967 et
801 2907 925 2966 ileoten-

97 3000 138 3051 tes
158 3011 271 3068 genua,
296 2995 384 3054 dicite
400 3013 410 3054 .·
428 2996 460 3053 Ρ.
477 2996 619 3069 liiserera,
641 3000 671 3055 at
693 3011 793 3071 parde.
814 2996 845 3058 t.
865 2995 960 3090 Nunc

98 3082 150 3141 tibi
161 3082 223 3141 soli
235 3085 439 3158 peccavimus,
457 3086 488 3145 ei
496 3085 612 3145 malum
627 3099 731 3145 auram
744 3091 774 3144 te
787 3084 924 3144 ierimus.

97 3172 287 3232 latiturus.

127 3263 308 3335 i.Agnosae
327 3265 418 3333 mma,
430 3274 500 3339 quta
508 3263 674 3339 gessimus:
686 3258 924 3338 estouobispro·

95 3350 194 3422 pitius.
215 3351 251 3407 P.
270 3352 416 3412 maerere.
445 3360 479 3425 ta.
507 3356 647 3412 treotm
672 3357 783 3412 terram
798 3350 864 3427 iam
879 3367 925 3410 re

98 3439 174 3513 spira
190 3458 199 3510 ;
213 3445 246 3499 et
265 3440 397 3500 imbrem
424 3442 527 3515 mado
547 3441 656 3502 tribue.
675 3441 709 3500 P.
727 3441 872 3510 itinerare,
896 3442 926 3498 et

93 3543 182 3600 parce
196 3531 317 3605 populo
325 3534 392 3589 tuo.

127 3619 265 3693 Hymnus
274 3621 421 3680 &endas
431 3635 487 3694 per
499 3615 924 3696 maritumamque

95 3709 132 3764 od
147 3710 294 3780 Ter-tiana,
312 3711 361 3769 oei
375 3710 505 3778 Salam,
519 3713 567 3771 oei
587 3710 706 3770 Nouam
721 3705 807 3782 iatri
817 3706 924 3769 teddo-

96 3800 222 3859 modum.

397 3901 479 3948 raart
492 3897 625 3948 samson

437 3977 583 4051 Hammo.

219 4065 418 4138 otiarerette,
424 4065 478 4125 lux
487 4064 671 4137 Bethlehem,
680 4063 809 4124 terbum
817 4062 923 4127 Patria

184 4153 284 4222 Quem
294 4159 398 4228 partus
409 4155 469 4215 aivi
478 4155 635 4228 Virgineus
648 4153 779 4231 protulit,

188 4242 300 4302 Adesto
311 4243 411 4314 easds,
427 4244 552 4312 christe,
562 4244 765 4320 parsimoniis,

187 4333 369 4408 Festuque
381 4337 519 4393 nostrum
533 4349 587 4392 rex
598 4349 721 4393 serenus
735 4330 869 4409 adspice,

187 4422 375 4495 lejuniorum
389 4423 773 4482 dumlitamusriatimam.
937 4391 963 4454 υ

217 4511 265 4570 tttl
274 4511 336 4570 hoa
347 4513 481 4587 proieoto
491 4513 600 4589 purius
612 4514 768 4587 mysterio,
890 4566 892 4569 .

184 4602 251 4669 Quo
264 4601 344 4660 ilbra
353 4601 453 4660 cordia
462 4596 601 4676 expiatur
613 4601 715 4670 viridi,

181 4691 387 4765 Intemperata
398 4706 461 4766 quo
471 4691 637 4750 domantur
645 4691 771 4762 viscera,
784 4760 786 4763 ¹

180 4779 296 4839 Arvina
312 4785 431 4854 putrem
443 4794 481 4840 ne
494 4781 642 4839 resudans
656 4779 812 4854 crapulam

183 4867 429 4942 obstrangulatas
438 4870 546 4927 menta
558 4869 714 4940 ingenium
725 4871 853 4942 premat.

218 4957 292 5016 liina
307 4956 487 5032 subjugatur
499 4954 595 5024 luxus,
610 4961 640 5015 et
653 4956 746 5031 turpis
761 4955 844 5030 guia,

181 5046 249 5104 timi
260 5051 355 5121 etque
364 5048 465 5106 somni
480 5047 611 5120 degener
625 5045 771 5115 socordia,

180 5135 290 5194 libido
301 5137 443 5205 sordens,
453 5133 673 5196 intereoundus
687 5128 780 5209 lepos,

180 5223 342 5300 Vtrimque
355 5230 453 5299 poetes
470 5218 684 5298 languidorum
705 5231 853 5282 sensuum

180 5313 307 5372 Parum
322 5313 459 5372 minata
471 5313 664 5388 disoiptinam
676 5313 816 5372 sentiunt.

219 5404 296 5462 Nam
310 5405 335 5461 si
352 5404 478 5462 liaauter
489 5404 631 5464 diiildens
644 5407 719 5478 potu
729 5407 759 5462 at
770 5402 850 5476 cilio,

181 5489 293 5565 Jejuno
305 5493 363 5554 rite
374 5496 514 5555 mamito
525 5497 590 5555 uult
600 5493 759 5554 marceant
770 5507 779 5551 ε

1066 332 1212 401 Sequitur,
1225 332 1372 409 frequenti
1387 335 1524 395 munaida
1537 298 1752 407 oblectamine,
1882 366 1883 371 κ

1065 418 1197 479 Scintilla
1208 417 1316 479 mentis
1329 426 1361 482 ut
1373 426 1504 499 tepescat
1517 426 1635 497 nobilis,

1063 508 1248 587 Animosque
1258 510 1351 587 pigris
1362 514 1463 571 stertat
1476 514 1509 572 ut
1518 513 1705 588 precordia.

1098 597 1204 659 Amen.
1218 594 1329 668 Honor,
1340 604 1481 675 potestas,
1492 606 1549 661 eto.

1288 700 1368 747 ranis
1383 702 1492 749 urant.

1284 778 1336 837 Ad
1352 772 1494 839 i'srtium,

1312 868 1461 941 Hymnus.

1099 952 1261 1013 struantur
1272 968 1344 1029 ergo
1354 956 1694 1035 corporumaupidines,

1064 1040 1185 1100 Detersa
1196 1044 1225 1102 et
1237 1042 1319 1103 intus
1330 1046 1438 1103 eminet
1454 1044 1614 1123 prudentia
1630 1070 1637 1104 ε

1066 1124 1112 1189 Sia
1122 1130 1250 1191 excitato
1259 1130 1420 1209 perspicax
1429 1135 1579 1201 acumine,

1064 1218 1208 1293 liberque
1217 1215 1292 1280 iiatu
1304 1220 1416 1280 laxiore
1431 1216 1552 1299 spiritus

1064 1308 1174 1366 lienum
1184 1310 1339 1367 Parentem
1350 1308 1459 1368 rectius
1472 1306 1655 1387 preaabitur.

1101 1395 1178 1455 Elias
1187 1396 1239 1455 tali
1253 1396 1346 1457 oravit
1358 1396 1551 1461 observantia

1065 1486 1153 1543 vetus
1165 1484 1321 1553 sacerdos,
1334 1484 1412 1544 ruris
1427 1486 1539 1560 hospes
1550 1487 1628 1547 aridi
1641 1505 1650 1547 ε

1066 1574 1803 1655 Fragoreahomniquemrematumetsegregum

1066 1654 1216 1736 Sprevisse
1228 1664 1350 1723 uadunt
1362 1661 1522 1723 criminum
1539 1662 1749 1741 sequentiam,

1066 1750 1153 1810 Casto
1170 1746 1318 1810 fruentem
1332 1749 1462 1827 Syrtium
1474 1750 1600 1813 suendo.

1101 1831 1212 1913 Honor,
1226 1845 1373 1919 potestas.

1287 1946 1366 1993 stau
1380 1946 1501 1999 autern.

1289 2016 1338 2079 rid
1352 2022 1491 2080 Tertiam.

1313 2106 1464 2185 Hymnus.
1599 2178 1606 2189 .

1104 2193 1162 2257 Sed
1171 2208 1243 2259 mox
1251 2196 1283 2257 in
1293 2212 1384 2261 auras
1395 2188 1491 2272 igneis
1500 2186 1665 2275 Jugaiibut,

1068 2289 1224 2364 cursuque
1233 2290 1336 2363 raptus
1346 2286 1476 2351 evolavit
1490 2287 1626 2365 praepeti,

1067 2380 1109 2437 tie
1122 2377 1160 2436 de
1171 2378 1344 2455 propinquo
1356 2372 1492 2438 sordium
1507 2380 1646 2455 contagio

1068 2468 1154 2525 Dirus
1163 2467 1300 2542 quietum
1313 2466 1448 2526 mondus
1460 2462 1578 2528 aiilarei
1589 2468 1687 2529 virum

1072 2554 1158 2629 145
1169 2556 1245 2614 Olim
1254 2556 1390 2630 probatis
1404 2555 1691 2631 inclytumjejuniis.

1104 2646 1169 2701 Non
1186 2648 1256 2702 ante
1270 2639 1337 2701 coeli
1349 2640 1518 2719 prinoipem
1528 2645 1730 2719 septemplicia

1067 2732 1182 2805 iloysea
1200 2730 1347 2789 tremendi
1355 2726 1436 2787 lidus
1444 2722 1587 2805 interpres
1600 2732 1698 2791 throni

1067 2814 1168 2877 Potuit
1180 2816 1294 2891 uidere,
1313 2829 1407 2893 quam
1421 2814 1526 2877 darem
1535 2814 1707 2879 recursibus

1068 2910 1178 2977 Quater
1186 2904 1295 2966 voluis
1303 2907 1346 2964 sot
1356 2916 1521 2981 peragrans
1530 2904 1629 2967 sidera

1069 2996 1157 3055 Omni
1171 2998 1324 3055 ementem
1334 2998 1467 3054 cerneret
1476 2992 1653 3055 substantia.

1103 3084 1202 3145 litatus
1216 3084 1365 3160 precantis
1377 3080 1475 3144 solum
1485 3083 1517 3144 ln
1527 3080 1671 3161 lacrymis
1680 3082 1737 3148 tuit
1751 3101 1759 3146 :

1067 3178 1143 3235 Nam
1153 3174 1255 3233 ilendo
1270 3187 1385 3248 pernox
1397 3173 1554 3248 irrigatum
1567 3173 1732 3250 pulverem.

1067 3263 1156 3324 Humi
1168 3263 1318 3322 madentis
1328 3277 1379 3322 ore
1400 3259 1510 3337 pressit
1524 3273 1636 3322 cernuo
1651 3272 1661 3322 t

1066 3351 1167 3413 ilonea
1178 3351 1327 3428 loquentis
1339 3362 1411 3410 roae
1427 3347 1600 3424 perstrictus
1610 3343 1673 3416 iiai,

1066 3439 1191 3517 Expavit
1204 3439 1306 3514 iguem
1317 3454 1379 3498 non
1393 3437 1551 3498 terendum
1565 3429 1694 3500 tisibus.

1102 3533 1213 3597 Honor,
1223 3534 1368 3606 potestas.

1279 3631 1361 3674 marl
1376 3624 1488 3682 nutrit.

1282 3704 1333 3764 Act
1349 3705 1489 3765 radam.

1312 3789 1462 3868 Hymnus.

1100 3887 1231 3946 loannes
1241 3879 1334 3960 hujus
1344 3886 1415 3944 artis
1426 3877 1510 3943 haud
1520 3883 1748 3964 minuapttdits‚

1066 3975 1119 4035 liei
1130 3969 1270 4050 perennis
1282 3973 1475 4049 praecucurrit
1485 3971 1609 4034 lilium

1066 4066 1179 4124 camos
1190 4054 1498 4138 viarumquiretorsit
1510 4061 1659 4134 tramites,

1065 4157 1100 4212 Et
1117 4153 1253 4212 flexuosa
1266 4151 1419 4225 corrigens
1437 4145 1606 4226 dispendia,

1066 4243 1152 4302 Dedit
1163 4237 1349 4317 sequendam
1362 4237 1438 4300 ualle
1456 4244 1537 4300 reato
1549 4235 1674 4302 lineam.

1101 4333 1184 4392 liano
1196 4329 1236 4390 ob
1245 4323 1385 4406 equeiam
1394 4325 1585 4406 properabat
1601 4331 1742 4402 nunnius,

1066 4425 1132 4482 ltox
1145 4415 1285 4480 adiutura
1295 4424 1471 4479 eonsuuens
1485 4419 1625 4499 tierneo,

1066 4512 1186 4572 Clirosa
1199 4507 1307 4585 planis,
1323 4507 1502 4582 connagosa
1517 4513 1550 4568 ut
1560 4505 1678 4572 tenuat

1066 4603 1323 4670 converterentur,
1331 4613 1405 4658 uere
1415 4591 1583 4674 quidquam
1592 4594 1715 4659 devium

1066 4690 1188 4764 lnlapsa
1201 4689 1295 4747 Terris
1303 4687 1449 4746 inveniret
1459 4689 1580 4748 veritas.

1101 4782 1211 4852 donor,
1224 4781 1365 4852 potestas,
1376 4780 1432 4835 eta.

1293 4877 1375 4924 ranis
1390 4871 1490 4923 saxis.

1285 4953 1335 5014 ld
1352 4953 1493 5013 l'rrttom.

1314 5042 1464 5116 Hymnus.

1101 5135 1166 5193 iton
1176 5127 1291 5193 usitatis
1301 5138 1384 5190 ortus
1397 5129 1445 5192 hio
1455 5129 1618 5211 natalibus,

1066 5221 1164 5281 oblita
1174 5219 1259 5278 lastis
1275 5221 1340 5294 iam
1350 5217 1429 5280 vieto
1440 5215 1472 5279 in
1481 5225 1605 5296 pentura

1042 5323 1047 5336 ·
1064 5303 1163 5368 ilatris
1178 5307 1300 5367 tetendit
1310 5323 1393 5366 serus
1405 5313 1507 5369 intans
1523 5310 1630 5371 ubera.

1065 5398 1206 5478 iterante
1220 5403 1341 5476 partum
1353 5398 1392 5459 de
1406 5399 1491 5458 senili
1503 5395 1616 5456 effusus
1629 5399 1685 5464 ast,

1067 5491 1164 5558 Quam
1178 5481 1513 5568 pradiaaratiirgiuem
1526 5479 1650 5562 plenam
1659 5478 1732 5555 oso,

2003 1516 2006 1524 ¹
