4117 6175
238 220 307 279 luat
878 208 1103 271 nuevllnlun
1120 208 1318 269 Doufllcutl.
1873 210 1938 269 1⁰88

235 359 348 403 novum
363 359 370 400 :
384 342 457 417 quia
470 340 622 399 mirabilia
636 340 713 399 lecit.
728 342 758 397 P.
781 340 908 397 latetur
919 336 1064 399 israeli.
1080 341 1103 398 ll
1122 337 1216 395 menti
1229 336 1277 394 sui
1291 354 1299 395 ε
1314 334 1408 403 verbi,
1422 334 1504 409 quod
1521 333 1719 393 mandavitin
1731 333 1812 393 mille
1823 348 1949 407 mera·

236 432 340 507 glorie,
352 436 381 489 et
390 430 497 488 honor.
513 430 545 487 P.
563 432 687 487 Laetetur
713 430 814 487 lsrael.
1121 426 1225 483 bonas.
1234 427 1265 483 P.
1277 426 1353 483 Ante
1367 428 1572 498 conspectum.
1584 422 1616 485 ll.
1628 423 1737 497 Gloria,
1751 428 1782 483 et
1794 424 1904 482 bonor.
1914 427 1947 481 P.

271 520 444 577 Benedictio.
456 521 626 576 Interventu
640 522 811 575 sauctorum
833 516 917 590 Tyrsi
929 518 958 573 et
967 515 1067 573 Comi·
1120 517 1194 573 Ante
1205 520 1414 587 conspectum.

237 614 301 666 tum
313 609 379 680 ejus
388 606 628 679 coelitusinlepse
643 606 693 663 Dei
715 605 885 664 benedictio
898 620 953 663 vos
968 608 1066 678 prote·
1456 602 1607 674 Dymnus.

237 702 298 769 gal,
312 700 341 755 et
355 696 395 753 ab
413 696 497 755 omui
516 696 597 753 melo
611 694 764 753 defendet.
779 707 812 768 p.
827 696 933 753 Amen.
951 696 1065 751 Dorum
1262 694 1352 751 Sacer
1363 691 1526 749 Puritatum
1552 690 1618 750 dies

238 786 375 862 precibus
388 801 407 843 a
421 786 534 843 cunctis
549 784 749 843 incommodis
765 784 920 849 tueamini,
935 798 1064 857 quorum
1227 780 1392 839 Hodiernus
1410 779 1522 846 rutilat,

237 877 314 933 testa
328 873 461 933 amando
491 873 650 948 suscipitis.
662 885 694 947 ιι.
708 876 812 931 Amen.
829 876 865 931 Dt
880 888 949 931 cum
977 872 1021 929 eis
1033 872 1065 929 iu
1226 872 1291 937 Ono
1305 868 1472 927 secuudum
1491 882 1614 926 carnem
1632 868 1768 926 cbristus

238 968 350 1023 eterna
362 963 717 1038 beatitudiueparticipcs
745 963 819 1028 sitis,
835 977 966 1037 quorum
987 961 1065 1020 sole·
1225 958 1347 1034 Templo
1360 957 1481 1017 Simeon
1500 957 1626 1015 traditur

238 1054 320 1111 mnia
331 1051 522 1111 devotissime
534 1052 701 1111 celebretis.
729 1063 762 1123 ιι.
777 1052 885 1111 Arnen.
1227 1048 1306 1107 Patri
1317 1062 1380 1105 nou
1394 1047 1556 1122 adoptione

275 1143 330 1198 Per
343 1140 590 1200 misericordiam.
1245 1139 1300 1197 Sed
1313 1140 1480 1195 coaeternus
1501 1151 1622 1209 genera

275 1229 442 1287 innomine
457 1230 584 1288 Domini.
1264 1223 1552 1300 Spirituoomplstur
1574 1222 1662 1282 alvus

486 1319 544 1374 Dll:
558 1318 582 1375 ll
616 1317 817 1375 PDDlitllltll.
1227 1317 1408 1388 incorruptas
1423 1312 1561 1385 Virginis,

344 1422 372 1463 ιιι
387 1422 472 1463 resro
488 1420 708 1463 rnerrrcirrorus
728 1419 841 1463 elsarn
855 1418 959 1461 urata.
1228 1404 1302 1471 oues
1316 1404 1437 1478 pariens
1443 1401 1557 1461 mansit
1568 1400 1679 1461 wlebs

540 1493 588 1550 Ad
618 1494 762 1565 vesperos.
1228 1493 1328 1565 Virgo,
1342 1506 1436 1567 quum
1451 1506 1632 1567 puerperam

274 1580 609 1641 luudc.leudavsruui
623 1580 797 1649 teDomiue,
823 1594 932 1639 omnes
963 1579 1069 1653 angeli
1228 1580 1566 1640 Dlibatamileuitricem

238 1673 290 1739 tui,
304 1675 333 1729 et
345 1671 495 1744 hymnum
505 1671 653 1737 dixerunt,
666 1670 740 1729 dum
749 1671 909 1744 perficeres
919 1670 1068 1729 lubricam
1227 1669 1328 1729 Proles
1345 1672 1461 1728 emtam
1475 1668 1573 1741 elegit.

239 1760 317 1817 ccell.
332 1763 412 1817 'runs
422 1763 468 1817 est
477 1758 554 1825 dies,
568 1763 596 1818 et
606 1764 660 1817 tus
680 1773 756 1817 nox:
769 1759 802 1816 P.
814 1762 855 1819 Tu
864 1758 961 1817 iecisti
973 1759 1068 1817 solem
1086 1720 1106 1776 Β
1264 1758 1338 1816 lude
1351 1758 1473 1818 Simeon
1487 1758 1668 1831 mundanus

238 1853 268 1907 et
280 1848 395 1907 lunam.
415 1848 448 1911 lt.
466 1850 508 1907 Tu
520 1848 704 1909 coufirmasti
715 1848 747 1905 in
760 1848 868 1907 virtute
899 1852 951 1909 tua
974 1864 1068 1907 mare.
1230 1848 1331 1906 Draus
1349 1847 1428 1905 uluis
1439 1846 1555 1921 accipit,

237 1940 279 1995 Pu
294 1936 499 1995 contribulasti
509 1937 612 2013 capita
633 1937 798 1996 draconum
810 1952 901 2011 super
915 1953 1023 2011 aquas.
1035 1938 1067 1994 P.
1229 1936 1453 2011 amplexusque
1474 1936 1631 1997 ridebatur

239 2025 399 2083 Tulecisti.
1233 2026 1369 2085 Salutare
1378 2025 1517 2084 Domini:

275 2115 387 2173 Oratio.
404 2116 542 2173 Laudant
556 2120 593 2183 te,
611 2116 747 2185 Domine,
759 2130 866 2173 omnes
891 2114 995 2187 Augsli
1011 2116 1070 2173 tub
1232 2115 1524 2189 Desolvejemnnnc
1535 2116 1567 2174 in
1579 2129 1654 2190 pace

240 2204 344 2261 duma
357 2208 385 2261 te
400 2219 433 2261 se
442 2207 557 2261 creatos
573 2207 738 2276 agnoscunt
751 2222 758 2274 ;
769 2208 945 2262 elcunctam
958 2207 1073 2263 creatu·
1232 2207 1321 2264 Arius
1336 2205 1412 2263 istos
1426 2203 1558 2277 fragiles.

240 2305 306 2350 ram
321 2291 472 2349 coelestem
486 2294 575 2365 etque
588 2294 736 2349 terrenam
751 2296 780 2349 te
792 2290 897 2365 opifice
906 2290 1073 2350 subsistere
1268 2293 1328 2351 Sed
1340 2308 1397 2351 uec
1407 2292 1566 2366 illaimpur
1578 2296 1665 2351 buna

241 2395 277 2438 ac
290 2380 412 2454 disponi
420 2395 481 2438 nou
488 2379 660 2452 ambigunt.
673 2378 778 2454 [curre]
788 2380 872 2438 Dona
882 2393 954 2452 ergo
965 2380 1074 2438 menti·
1232 2382 1421 2441 coutinentia
1433 2381 1584 2455 medicus,

243 2467 303 2527 bus
315 2469 432 2542 uostris,
449 2470 481 2526 in
496 2468 638 2527 omnibus
647 2469 787 2543 operibus
801 2469 861 2528 tuis
876 2468 931 2527 tibi
944 2469 1072 2543 glorium
1232 2472 1371 2540 Quamiu
1383 2471 1458 2530 tiore
1469 2470 1631 2544 juventutis

244 2557 316 2615 dare
333 2561 381 2616 :et
392 2565 420 2616 te
430 2558 661 2631 solemjuetilius‚
677 2564 822 2633 perpetuo
843 2558 934 2616 nobis
954 2558 1071 2631 fulgore
1230 2560 1345 2632 conjnx
1358 2560 1547 2632 viduaverat,

244 2647 407 2707 clarescere
417 2648 683 2724 lumen:quatsnus
694 2651 855 2707 nocturnes
866 2647 1006 2707 tenebras
1020 2652 1071 2708 tua
1230 2648 1414 2723 vagientem,
1429 2648 1599 2715 confitetur,

241 2752 359 2811 semper
371 2737 529 2796 valeamus
548 2737 777 2797 inluminatione
791 2738 898 2797 vitare.
917 2750 950 2812 ιι.
965 2742 1069 2799 Amen.
1229 2739 1302 2797 Dore
1317 2737 1424 2797 mundi
1449 2737 1629 2811 Principem.

275 2828 329 2885 Per
342 2827 592 2887 misericordiam.
1263 2830 1345 2886 Punc
1356 2826 1530 2884 venerenda
1548 2841 1584 2885 er
1596 2825 1662 2897 lege

269 2915 364 2973 'Seno
377 2915 513 2973 alleluia.
522 2916 537 2970 J
540 2916 639 2974 ustitia
648 2918 693 2972 est
705 2914 795 2989 plena
804 2915 928 2975 dextere
942 2918 1068 2975 inabm-
1229 2916 1399 2975 Dlicruutur
1409 2930 1538 2974 munera

239 3005 317 3059 tetur
330 3016 419 3059 mons
433 3003 515 3071 Sion,
529 3002 777 3061 etexultantllliae
792 3001 886 3071 tudae,
899 3004 934 3061 P.
944 3005 1069 3079 Propter
1227 3006 1398 3070 Portunum
1423 3000 1697 3075 columbarumque

236 3086 425 3162 muletatus.
437 3089 569 3162 ansius,
585 3090 756 3153 ursinae.
774 3090 923 3151 annua:
942 3071 1103 3166 namne
1229 3093 1342 3153 euru
1353 3091 1508 3158 mernere,

239 3177 385 3237 Dominus
397 3183 426 3238 et
435 3178 597 3238 laudabilis
614 3179 704 3238 valde
718 3181 749 3240 in
765 3180 882 3240 civitate
897 3181 949 3240 Dei
960 3186 1065 3253 nostri,
1227 3185 1300 3252 oum
1310 3182 1455 3258 corporis,
1473 3180 1644 3256 missaque

237 3265 270 3326 in
284 3271 385 3327 monte
400 3273 505 3328 sancto
518 3268 736 3342 ejusuilsleus
744 3270 942 3331 exultationes
951 3272 1068 3332 univer·
1227 3271 1387 3330 Puritatem
1400 3270 1553 3329 docerent.

238 3371 278 3415 see
293 3359 389 3416 terres.
407 3357 441 3418 P.
454 3359 577 3433 Propter
584 3358 713 3433 judicia.
1262 3360 1363 3420 Gloria
1377 3362 1438 3418 Deo
1451 3359 1565 3435 potenti

273 3445 418 3505 Dominus
434 3446 471 3506 sit
480 3463 608 3521 semper.
625 3459 660 3520 p.
671 3449 705 3506 ilt
718 3464 800 3506 cum.
1218 3453 1251 3507 ln
1258 3449 1385 3508 excelsis
1397 3452 1516 3507 resonet
1531 3465 1540 3518 ;

238 3604 241 3612 .
273 3536 457 3607 Antiphone.
473 3536 616 3596 Viderunt
628 3553 735 3595 omnes
747 3536 823 3594 flues
838 3539 923 3597 terres
937 3540 1068 3598 salutare
1227 3538 1357 3598 Gloriam
1370 3552 1518 3596 canamus
1544 3536 1669 3603 cbristo,

238 3623 290 3680 Dei
302 3624 409 3682 uestri.
422 3625 585 3685 P.iubilete
596 3625 657 3683 Deo
666 3626 807 3684 universa
816 3632 912 3688 terra:
932 3630 1066 3700 canule,
1225 3629 1323 3701 Atque
1336 3628 1444 3685 Sancto
1469 3624 1587 3699 Spiritu
1592 3643 1603 3698 ς

237 3713 266 3768 et
280 3711 417 3784 exultate,
434 3718 463 3771 el
477 3714 608 3788 psallite.
626 3714 659 3777 ll·
680 3718 803 3774 cantate
819 3716 947 3776 Domino
968 3717 1066 3776 cauti·
1226 3715 1278 3774 Cui
1290 3715 1358 3774 laus
1374 3719 1403 3773 et
1416 3717 1551 3789 potestas

238 3814 450 3859 cumnovum:
465 3803 539 3877 quia
552 3803 786 3863 mirabilielecit.
803 3805 833 3862 P.
848 3805 977 3866 iubilate
992 3808 1065 3868 Deo.
1225 3807 1258 3863 lu
1268 3808 1380 3864 aeterna
1395 3803 1517 3862 secula.

236 3886 268 3950 ll.
288 3887 396 3958 Gloria,
412 3890 557 3950 ethonor.
573 3893 606 3950 P.
624 3893 753 3952 iubilate
777 3893 848 3952 Deo.
1260 3898 1365 3952 Amen.

273 3976 383 4037 Oratio.
394 3980 528 4048 Domine,
542 3997 634 4056 quem
644 3982 799 4042 bominem
814 3984 1064 4044 natumbomines
1153 3983 1345 4057 supplicatio.
1360 3981 1581 4056 Dremuspium
1592 3979 1831 4039 etcxaudibilem
1844 3979 1949 4038 Domi·

237 4073 458 4141 conspexerunt
472 4087 480 4142 ;
492 4071 708 4144 etprmdictum
730 4071 806 4128 lines
819 4076 905 4129 terras
924 4072 1065 4132 uiderunt
1117 4089 1192 4131 unm
1201 4075 1340 4130 nostrum
1353 4073 1455 4128 lesum
1474 4069 1634 4140 Christum,
1649 4085 1720 4128 cum
1735 4069 1820 4127 omni
1830 4069 1948 4144 suppli·

236 4156 287 4229 qui
300 4161 368 4214 aute
378 4157 477 4232 aliqua
493 4160 801 4234 temporsprssdictus
815 4160 979 4220 esvucibus
998 4162 1065 4221 Pro
1116 4157 1946 4233 cationerogamus3ntncsgratiaPraeentationisipsius,

236 4244 404 4318 phalarum,
416 4247 479 4304 etin
489 4253 622 4322 tempore
631 4247 902 4320 visnsglorificatus
915 4264 947 4307 es
958 4251 1064 4309 modu·
1116 4255 1145 4308 et
1158 4249 1449 4321 Puridcutionieejus
1459 4247 1713 4321 genitricisllariea
1719 4245 1948 4304 nobiseulutem

233 4331 271 4390 lis
286 4335 469 4408 populorum
478 4336 784 4410 ;concedepropitius,
794 4353 868 4396 vasa
880 4353 936 4396 nos
946 4342 999 4397 tua
1009 4339 1063 4397 tibi
1116 4339 1237 4407 animes,
1247 4345 1277 4396 et
1289 4337 1433 4413 eorporis,
1449 4340 1479 4395 at
1487 4334 1706 4401 remissionem,
1721 4338 1948 4410 etpacampro-

234 4425 579 4497 permanerspuriseime
590 4427 640 4481 eut
649 4423 723 4481 lucis
734 4429 904 4484 auctornos
914 4431 943 4486 et
952 4427 1064 4501 iugiter
1077 4419 1102 4477 D
1116 4428 1207 4503 pitius
1217 4427 1346 4485 tribuere
1360 4425 1513 4499 dignatur.
1522 4425 1673 4496 uPraseta
1680 4427 1793 4483 uterne
1804 4422 1948 4498 omnipo

234 4507 383 4584 inlustres,
399 4516 428 4569 et
438 4512 642 4570 indesinenter
653 4511 813 4572 inhabites.
830 4526 862 4587 n.
878 4518 986 4576 Amen.
1116 4523 1181 4576 leus
1194 4517 1283 4573 Deus.

271 4598 327 4657 Per
347 4599 599 4658 misericordiam.
1152 4603 1373 4680 xyrieelcison.
1385 4614 1419 4676 ιι.
1433 4601 1548 4661 Christe
1572 4600 1695 4672 almeon,
1710 4600 1804 4675 Kyrie
1816 4601 1944 4662 eleisou.

269 4689 458 4760 antiplona.
473 4688 615 4748 Viderunt
626 4689 706 4748 oculi
720 4691 779 4750 mei
808 4692 939 4753 salutare
963 4697 1061 4766 tuum,
1152 4693 1305 4765 capitulo.
1317 4694 1386 4750 lesu
1394 4691 1530 4757 Domine,
1541 4691 1628 4764 cuius
1637 4690 1817 4750 admirabile
1828 4705 1945 4751 nomeu

235 4778 368 4842 Domine.
384 4778 468 4851 quod
479 4777 593 4853 parasti
606 4779 637 4837 in
650 4785 810 4854 conspeetu
821 4783 1013 4858 populorum.
1026 4786 1060 4843 P.
1115 4781 1246 4856 Annuus
1259 4779 1407 4856 prodixit,
1425 4783 1517 4838 llater
1527 4779 1683 4855 imposuit,
1698 4780 1820 4838 Simeon
1828 4795 1943 4853 cogno·

234 4868 347 4926 lumen
361 4867 401 4926 ad
412 4868 624 4928 revelationem
634 4871 809 4941 gentiumet
821 4871 949 4944 gloriam
963 4871 1061 4948 plebis
1113 4871 1168 4938 vit,
1181 4875 1268 4930 Anna
1277 4869 1520 4940 laudavit;selva
1530 4869 1943 4945 populnmtuuminnniver·

233 4957 292 5014 ture
305 4957 406 5015 lsrael.
421 4957 453 5019 t.
463 4959 740 5017 DomineDominus
751 4964 957 5036 noster,quam
966 4961 1062 5020 admi·
1114 4977 1150 5019 so
1163 4959 1385 5032 mundooujm
1396 4957 1836 5031 extatnomenmupnillcumin
1846 4958 1941 5018 ooelo:

233 5043 327 5103 rabila
341 5051 596 5105 estnomeutuum
610 5047 790 5108 inuniverse
801 5051 895 5108 terrai
906 5053 936 5108 P.
946 5051 1061 5109 Lumen
1115 5057 1156 5119 ut,
1171 5050 1223 5124 qni
1232 5049 1316 5108 eolus
1330 5063 1362 5106 ee
1385 5048 1517 5123 potentia
1531 5047 1691 5120 globosus,
1705 5046 1853 5107 nicetium
1879 5063 1944 5122 per·

233 5131 282 5190 ad.
298 5131 330 5196 t·
345 5134 453 5202 Gloria,
467 5135 610 5195 ethonor.
626 5137 672 5206 iP.
691 5139 805 5196 Lumen
815 5137 864 5197 ad.
1114 5139 1185 5198 ditis
1194 5137 1394 5196 miserationis
1410 5135 1599 5208 indulgentia
1612 5138 1690 5211 pius.

269 5223 414 5282 Dominus
428 5222 465 5281 sit
490 5240 618 5300 semper.
632 5237 665 5298 ιι.
682 5227 714 5283 lit
728 5243 809 5284 cum.
1150 5230 1234 5287 Pater
1245 5232 1357 5285 noster.
1373 5225 1509 5295 Liberali,
1523 5240 1543 5284 a
1555 5225 1648 5285 malo.
1659 5227 1718 5298 tol.
1732 5229 1761 5282 2.

269 5311 384 5369 Lenda.
399 5315 508 5369 Notum
520 5310 589 5370 iecit
599 5311 743 5371 Dominus
757 5314 886 5373 salutare
902 5332 993 5374 suum
1009 5319 1060 5377 :P.
1150 5315 1330 5375 Benedictio.
1342 5317 1386 5382 lit,
1397 5313 1943 5389 quisimconisjnstlmauibusestsu·

234 5401 507 5475 anteconspcctum
515 5398 1059 5474 gendumrevelavitjmtitiamsuam,
1115 5403 1942 5479 saeptus.vossibimstsosoclstbeuedietioueperpscue

235 5485 369 5557 alleluia,
385 5487 513 5547 alleluia.
526 5487 558 5550 i.
577 5490 688 5547 liemon
701 5487 756 5548 luit
769 5489 800 5547 in
815 5494 960 5551 aternum
970 5495 1061 5550 testa·
1114 5491 1314 5552 letabundus.
1328 5503 1362 5563 ιι.
1379 5495 1483 5551 emen.
1495 5490 1588 5561 ldem,
1612 5490 1666 5566 qui
1688 5498 1840 5567 praemio
1867 5492 1941 5564 legis
