4117 6175
122 248 172 307 all

818 247 926 309 rroan
945 234 1149 316 duroman.

1773 273 1827 330 942

155 373 295 434 Psuimus
308 387 384 432 axu.
408 373 545 435 Psctmur
570 391 663 435 cxrrr.
689 375 827 435 Perimes
850 393 943 437 cxnr.
964 379 1241 452 Amina,Domine,
1254 385 1827 465 ruitumtuumsupernos,etmiserere

123 470 259 538 Regnum
274 464 654 536 tuumuominaregnum,
663 469 717 524 etc.
732 467 873 524 Psctmus
883 483 948 526 cxu.

122 553 224 632 [cxxv]
235 569 332 614 cxrru.
348 551 480 611 Perimes
492 553 603 612 Dauid.
620 553 752 612 Adhaesit
777 555 950 629 pavimento

123 645 225 703 anima
239 656 322 701 mea.
343 644 450 714 Legem
468 643 629 719 ponamihi
642 643 779 703 Domine.
789 645 950 703 ileniatsu·

120 747 176 809 per
187 747 243 791 nos
259 729 462 790 misericordia
474 732 536 798 tua,
553 731 690 792 Domine.
717 733 782 792 Pol.
798 749 836 789 ru
851 738 880 791 et
890 749 949 792 aru.

157 823 337 896 Antiphone.
350 822 557 880 Prarenerunt
570 822 649 881 oculi
658 822 726 895 mel,
754 823 840 891 Deus,
865 822 905 882 ad
921 824 949 881 te

119 910 252 970 diluculo
268 929 275 967 ε
295 919 327 967 ut
341 912 502 969 meditarer
520 911 639 986 eloquia
654 918 716 971 tua.

155 999 951 1076 Pespousoriumdieiusfcriotiius.Adiutorallibera·

120 1096 168 1150 lor
181 1094 284 1148 noster
302 1105 334 1147 es
348 1093 390 1160 tu,
405 1087 583 1152 Dominut.
599 1089 678 1147 Deus
692 1093 723 1148 in
749 1089 872 1149 nomine
898 1095 951 1148 tuo

120 1180 242 1238 salvum
255 1193 305 1237 me
318 1177 384 1236 tac:
399 1183 443 1236 est
454 1177 485 1236 in
497 1179 604 1237 virtute
618 1183 670 1238 lua
682 1179 783 1253 judica
794 1196 854 1239 me.
865 1177 898 1238 P.
913 1183 951 1238 lis

120 1277 164 1335 tu,
177 1269 313 1327 Domine.
329 1268 360 1329 i.
373 1267 482 1339 Gloria,
505 1273 533 1326 el
547 1269 644 1326 honor
667 1268 756 1338 Patri,
772 1275 801 1329 et
827 1269 912 1335 Filio,
922 1272 952 1328 et

120 1357 244 1432 Spiritui
255 1359 364 1416 Sancto
379 1375 387 1414 ε
404 1360 431 1416 et
445 1373 536 1423 nuuc,
556 1360 584 1415 ai
598 1373 716 1431 semper
730 1359 761 1417 in
776 1357 886 1416 secula
895 1375 951 1415 sre-

122 1448 272 1505 cuiorum.
292 1451 397 1504 amen.
412 1447 446 1505 P.
465 1448 878 1520 liciter-sturliespoasorium.
891 1444 950 1503 Ad·

121 1535 412 1610 jutoratliberator.
694 1596 697 1601 ,

160 1625 385 1698 Respourorium
397 1626 602 1698 otiariseriule.
617 1626 736 1700 adjuva
747 1642 803 1684 nos
817 1627 894 1686 Deus
903 1641 950 1683 sa·

1002 469 1100 530 nobis.
1120 474 1158 532 P.
1179 476 1214 532 Ut
1229 476 1391 548 spiritutuo
1398 477 1548 552 repletiit.
1559 483 1667 550 Gloria,
1676 492 1705 543 et
1717 487 1824 546 honor.

1003 559 1036 614 P.
1049 561 1112 617 Lux
1138 565 1200 622 tua.
1225 564 1361 634 Domine,
1380 569 1436 624 sto.
1465 569 1518 626 vet
1539 569 1661 630 dicutur
1684 575 1766 634 istud
1777 578 1831 635 lle-

1002 649 1185 720 sponeorinm
1200 651 1232 709 ire
1254 653 1364 712 Geticis
1376 655 1562 718 Natiuitatis.

1057 739 1155 796 Lectio
1166 739 1237 800 libri
1249 741 1410 804 Zocluriae
1430 745 1594 820 Propicter
1615 747 1775 824 (Gauvrri).

1039 825 1108 883 linc
1121 827 1191 886 dicii
1203 830 1348 890 Dominus
1373 837 1535 894 :Reuersus
1549 853 1618 898 sum
1642 837 1681 896 ad
1710 839 1790 914 Sion,
1804 843 1832 898 et

1003 914 1149 995 habitabo
1162 919 1385 980 inliierusaiem
1401 941 1408 982 :
1424 929 1452 984 et
1470 926 1627 988 vocabitur
1651 929 1831 987 Hierusalem

1004 1005 1114 1064 Giritas
1132 1007 1400 1082 tenutissimum
1415 1015 1532 1076 Domini
1548 1019 1732 1076 exercituum
1743 1035 1832 1078 mons

1004 1094 1218 1155 sanctificatus.
1236 1109 1267 1172 u.
1282 1103 1387 1160 Amen.

1039 1183 1181 1254 npntotc
1208 1188 1297 1247 Pauli
1316 1190 1447 1261 Apostoli
1455 1193 1497 1252 ad
1514 1195 1659 1254 Romanos
1674 1197 1829 1270 (Canarii).

1040 1273 1166 1344 Fratres,
1175 1277 1238 1333 Nox
1249 1279 1481 1350 precessitdies
1498 1286 1832 1359 autemappropinqua·

1004 1361 1054 1418 rit.
1065 1362 1249 1434 abjiciamus
1263 1381 1334 1438 ergo
1349 1383 1367 1426 a
1383 1369 1572 1444 nobisopera
1588 1372 1790 1446 tenebrarum,
1801 1379 1830 1432 et

1003 1448 1169 1510 induamus
1181 1468 1237 1511 nos
1249 1469 1334 1514 arma
1344 1453 1429 1514 lucia.
1442 1457 1523 1516 Sicut
1536 1457 1568 1518 iu
1578 1459 1625 1516 die
1637 1458 1830 1520 honesteam-

1002 1540 1144 1598 bulemus
1157 1543 1273 1602 :nonin
1283 1545 1567 1616 comessationibus,
1583 1553 1612 1608 et
1623 1546 1827 1618 ebrietatibus,

1002 1646 1067 1689 non
1079 1632 1111 1688 in
1127 1629 1288 1700 cubilibus,
1298 1633 1541 1710 etimpudiritiis,
1553 1637 1655 1696 nonin
1665 1641 1829 1700 contentio·

118 1714 227 1773 lutaris
241 1718 341 1772 noster
354 1731 364 1770 c
379 1712 588 1789 autumpni
602 1715 749 1773 honorem
759 1713 893 1774 nominis
906 1714 985 1793 tniss
1002 1734 1051 1788 ue,
1065 1724 1094 1779 et
1107 1719 1298 1782 aemulatione
1313 1740 1321 1779 ι
1338 1723 1390 1782 eod
1414 1722 1576 1784 induimini
1588 1726 1748 1788 Dominum
1759 1743 1829 1786 nos-

120 1804 351 1863 Domiuelibera
366 1819 431 1861 nos.
448 1804 481 1862 P.
497 1803 641 1864 Salutaris
660 1811 767 1864 noster.
780 1804 811 1868 lt.
839 1801 947 1870 Gloria,

119 1898 152 1952 et
164 1895 272 1952 honor.
286 1891 318 1951 P.
332 1891 450 1966 Adjura
462 1907 529 1962 nos,
554 1897 610 1952 etc.

158 1987 199 2042 De
215 1983 384 2057 confessore
397 1983 639 2054 descensorium.
654 1981 685 2041 in
714 1987 878 2058 conspectu
891 1985 949 2041 an·

118 2073 259 2146 gaiorum
270 2071 398 2146 psallam
411 2071 476 2138 tibi,
491 2070 619 2130 Domine
633 2069 776 2129 alleluia:
792 2071 824 2134 i.
839 2071 951 2132 Adora-

118 2164 163 2222 bo
176 2163 216 2221 ad
230 2162 377 2236 tempium
394 2165 533 2220 sanctum
548 2164 645 2232 tuum,
660 2165 690 2219 et
706 2161 872 2220 confitebor
885 2159 948 2231 tibi,

119 2252 260 2310 Domine.
275 2251 308 2310 P.
326 2251 464 2309 Psallam.
478 2244 512 2312 it.
530 2249 630 2308 Gloria
645 2249 788 2308 ethonor.

162 2341 385 2413 Perpousorium
400 2341 590 2412 deuaojuuo
605 2341 667 2398 siue
678 2339 826 2414 nurture.
837 2338 879 2397 De
899 2354 951 2398 ore

118 2432 196 2505 justi
207 2427 343 2504 procedit
358 2425 505 2486 doctrina.
523 2425 657 2494 alleluia,
679 2425 814 2486 alleluia:
835 2425 952 2486 ravum

122 2521 225 2578 mellis
239 2519 384 2578 distillant
394 2516 477 2576 labia
489 2515 607 2590 ejusd.
625 2520 664 2574 Os
671 2515 744 2591 justi
758 2515 953 2578 meditabitur

122 2609 319 2684 sapientiam,
333 2608 471 2679 ellingae
480 2604 852 2681 ejusloqueturJ‘udicium.
865 2605 953 2664 P.Pa·

121 2715 201 2757 vum
214 2697 321 2756 meliis.
333 2695 365 2759 t.
378 2695 485 2764 Gloria,
502 2699 531 2754 et
552 2695 658 2754 honor.
668 2695 835 2754 Reitereter
847 2707 879 2768 n.

164 2790 208 2845 De
221 2787 411 2845 sanctissino
421 2785 458 2843 de
471 2783 656 2856 Martyrium
679 2783 916 2856 incensorium.

122 2873 253 2936 Vincula
266 2877 444 2934 Sanctorum
453 2875 519 2947 iam
533 2872 631 2931 soluta
652 2877 736 2940 sunt;
754 2876 783 2930 et
795 2871 892 2947 plaga
905 2888 954 2932 eo·

120 2982 196 3025 rum
208 2966 272 3038 jam
287 2967 401 3023 sanatur
417 2967 507 3020 sunt:
523 2961 612 3036 quasi
626 2961 804 3032 navigantes
814 2959 852 3018 de
866 2975 954 3021 mun·

122 3056 169 3115 do
180 3052 352 3113 lambuntur
361 3053 394 3111 iu
409 3051 527 3110 coelum.
542 3047 576 3113 it.
592 3047 648 3117 nui
664 3051 734 3108 sunl
759 3046 818 3123 isti,
839 3047 894 3125 qul
920 3052 991 3149 ulc

121 3143 347 3215 nubesrolant
361 3138 637 3215 etquasicolumbae
649 3136 839 3198 adienestrae
854 3137 954 3199 suasi

120 3234 166 3293 P.
180 3230 370 3291 Parabantur.
385 3228 419 3293 i.
433 3228 540 3295 Gloria,
559 3227 703 3285 ethonor.

166 3325 204 3380 la
218 3319 449 3393 Quadruqerimc
468 3316 572 3375 dietus
599 3314 694 3374 Perttr
717 3314 954 3389 llespcusorium.

123 3410 257 3483 Quaerite
269 3410 404 3484 primum
414 3420 542 3479 regnum
555 3405 621 3462 Dei:
635 3404 732 3462 ethrec
745 3402 848 3462 omnia
862 3418 954 3478 appo

123 3506 239 3561 nentur
252 3496 349 3558 robis.
360 3496 394 3561 i.
401 3496 527 3566 Quaerite
541 3494 713 3560 Dominum,
729 3490 956 3552 etconiortami·

125 3592 161 3650 ni
179 3590 315 3668 :quaerite
330 3588 437 3646 taciem
450 3586 476 3658 ej
481 3602 515 3642 us
530 3598 659 3657 semper.
671 3584 704 3639 P.
715 3579 749 3638 u
760 3582 827 3639 brec
841 3582 953 3641 omnia.

124 3680 162 3744 t.
177 3678 287 3738 Gloria.
320 3674 510 3745 Poeante.

168 3760 955 3839 IuQuodrcuesimudietuaDcmr'nictrliesponscr-ium.

127 3859 215 3920 Serri
221 3854 443 3915 Deibenedicite
450 3852 623 3921 Dominum,
637 3848 840 3910 eicollandate
854 3864 957 3921 regem

127 3947 323 4009 saecnlorum.
338 3944 750 4017 Quiaoportetsempsrorure
760 3943 788 3998 et
797 3954 958 4014 numquam

127 4038 272 4098 deficere.
285 4035 317 4098 t.
332 4032 390 4104 Qui
402 4031 487 4091 statis
502 4032 535 4089 in
549 4030 642 4092 domo
669 4027 800 4101 Domini,
822 4027 855 4085 in
875 4026 958 4088 atriis

127 4128 241 4187 domus
255 4122 421 4184 Deluostri.
437 4123 471 4178 P.
485 4120 563 4191 Quia
574 4122 699 4195 oportet.
711 4116 743 4181 it.
755 4117 864 4177 Gloria.

169 4220 215 4275 De
226 4216 367 4275 adveatu
378 4212 500 4270 Domini
510 4210 748 4280 Responsurium.
759 4207 875 4266 Montes
888 4203 958 4265 litiae

130 4308 207 4367 Sion
220 4306 442 4363 ramosrestros
453 4298 613 4367 extendite,
629 4297 842 4372 etgermiuate,
859 4300 889 4357 et
900 4296 960 4384 iru-

130 4400 219 4455 ctum
228 4390 421 4468 iocunditatis
436 4392 534 4448 averte
548 4385 662 4462 populo
675 4381 725 4444 Dei
746 4385 837 4444 lsrael
852 4402 860 4444 r
887 4402 960 4463 quo

132 4485 222 4543 niam
231 4484 329 4541 veniet
343 4481 406 4539 dies
412 4478 541 4537 Domini.
553 4477 587 4540 t.
599 4475 731 4533 laudate
737 4475 815 4547 coeii,
831 4480 860 4534 et
872 4475 959 4534 exul·
975 4446 999 4506 D

133 4580 170 4631 ta
181 4576 269 4646 tarra,
281 4568 407 4645 jubilate
424 4572 543 4627 montes
562 4564 685 4624 laudem
701 4584 708 4622 ε
724 4562 756 4628 r.
770 4564 805 4622 Et
831 4564 962 4624 trucium

133 4660 343 4739 jocunditatis.
366 4660 400 4716 P.
423 4658 533 4717 Gloria.

175 4750 398 4811 DeNatiuitcte
431 4746 552 4804 Domini
570 4742 800 4819 Responsorium.
824 4742 966 4819 Splendet

135 4840 229 4901 bodie
239 4837 359 4902 caelum,
372 4839 402 4894 et
412 4838 513 4893 terra:
537 4828 606 4906 quin
622 4828 759 4891 deator
771 4829 860 4888 nobis
875 4836 965 4889 natus

136 4934 185 4988 est
197 4927 237 4986 ad
248 4922 457 4985 redimendum
463 4926 586 4995 peccata
595 4924 707 4980 nostra.
727 4922 794 4997 ipsa
809 4924 854 4977 ost
868 4917 966 4980 Domi·

134 5034 198 5077 nus
211 5012 292 5075 Deus
305 5009 616 5074 accenseamus
630 5008 711 5066 euim
724 5011 815 5065 natus
825 5010 870 5064 est
880 5005 967 5065 nobis

137 5108 167 5167 ei
180 5104 261 5163 filius
274 5099 366 5162 datus
381 5104 425 5158 est
436 5099 545 5158 nobis:
561 5094 596 5156 P.
614 5096 682 5173 ipse
697 5098 741 5154 est
754 5094 898 5155 Dominus
912 5139 919 5153 .
933 5090 967 5157 r.

139 5194 250 5261 Gloria,
261 5191 407 5252 ethonor.
428 5190 594 5249 liutereter
616 5196 647 5261 a.

173 5284 208 5343 is
219 5282 321 5343 etiaim
328 5281 599 5353 sesticirpertotum
608 5290 721 5335 cunum
734 5272 968 5349 Responsoriem.

134 5378 202 5445 Lux
212 5368 514 5445 tua,Domine,1uceat
529 5379 620 5441 snper
629 5379 686 5423 uos
699 5385 707 5428 2
722 5368 751 5422 et
763 5363 906 5441 majestas
920 5370 972 5423 tua

1002 1813 1079 1867 trum
1094 1811 1196 1868 lesum
1211 1810 1370 1874 Christum.
1387 1823 1419 1882 it.
1437 1819 1543 1874 Amen.

1038 1897 1291 1956 bremensium
1297 1899 1429 1960 cantabo
1436 1899 1665 1962 Dominoiurita
1671 1905 1829 1963 mea.P.Al-

1002 1986 1107 2044 ieluia:
1118 1987 1425 2052 iPsaliamDeomeo
1439 1991 1682 2066 quandiuero.P.
1704 1993 1828 2052 Aleluia.

1038 2076 1156 2135 Lauda.
1167 2075 1302 2144 Alleluia,
1316 2079 1441 2141 Dextera
1458 2079 1576 2140 Domini
1602 2080 1671 2139 iecit
1692 2081 1830 2140 virtutem

1003 2163 1042 2222 P.
1060 2163 1184 2222 Alleluia
1198 2182 1205 2221 :
1221 2162 1253 2226 it.
1276 2167 1400 2228 Dextera
1413 2166 1534 2228 Domini
1547 2169 1688 2230 mutant
1710 2186 1777 2228 nos.
1792 2171 1828 2228 P.

1003 2252 1140 2324 alleluia,
1151 2253 1279 2314 asseluia.

1040 2342 1081 2400 itt
1090 2343 1430 2418 salamanticensem
1441 2345 1747 2420 deroeasimaacu
1757 2349 1830 2407 diri·

1007 2435 1059 2488 tur
1068 2429 1194 2491 Allduia
1207 2431 1240 2490 in
1253 2433 1313 2494 istc
1334 2433 1452 2494 Lauda

1344 2523 1493 2594 Hymnus.

1184 2610 1253 2668 tam
1263 2608 1338 2668 lucie
1356 2613 1421 2668 orto
1437 2610 1535 2670 sidero

1185 2697 1449 2774 Deumprecemur
1476 2698 1636 2774 supplices,

1185 2788 1220 2846 ilt
1235 2786 1267 2846 in
1281 2785 1396 2846 diurnis
1414 2785 1531 2846 actibus

1184 2877 1351 2932 Nossereet
1366 2876 1583 2936 annuentibus.

1222 2962 1369 3035 Linguam
1387 2964 1550 3024 refrenans
1571 2968 1725 3040 temperet,

1185 3054 1226 3112 lie
1237 3051 1296 3113 litis
1313 3069 1395 3115 error
1408 3053 1529 3115 insonet
1542 3076 1549 3115 r

1186 3142 1288 3200 Visum
1302 3142 1432 3205 iurando
1456 3149 1606 3219 contegat,

1187 3234 1228 3289 Ne
1250 3231 1398 3291 vanitates
1419 3233 1549 3293 hauriat.

1224 3320 1286 3377 Sint
1297 3335 1372 3391 pura
1392 3320 1491 3379 cordis
1503 3320 1619 3389 intima,

1186 3406 1322 3465 Absistal
1334 3411 1362 3464 et
1386 3408 1525 3467 vecordia
1539 3426 1547 3467 ι

1186 3494 1408 3571 [currJCarnis
1421 3500 1496 3555 urat
1515 3495 1691 3571 superbiam
1744 3504 1748 3511 '

1187 3584 1277 3641 Polus
1290 3582 1408 3656 cibique
1432 3582 1560 3657 parcitas
1576 3602 1583 3643 :

1224 3674 1269 3741 lli,
1278 3688 1348 3731 cum
1363 3671 1426 3730 dies
1451 3672 1636 3745 abscesserit,

1189 3764 1372 3835 Noctemque
1396 3776 1462 3819 sors
1475 3760 1637 3831 reduxerit,

1188 3848 1290 3909 liundi
1302 3864 1357 3927 per
1373 3848 1587 3912 aramentum

1188 3940 1404 4013 ipsicauamue
1426 3938 1566 4013 gloriam.

1225 4030 1288 4091 iam
1301 4044 1359 4089 nos
1373 4030 1515 4089 secunme
1523 4035 1691 4105 premonet

1189 4122 1273 4179 iloree
1285 4123 1425 4194 peractus
1447 4119 1585 4195 maurus,

1187 4211 1249 4269 Deo
1263 4214 1416 4269 sommum
1432 4224 1569 4283 promcra

1190 4301 1320 4361 limeum
1342 4299 1604 4373 pereunieglcria.

1226 4392 1343 4463 Exurge
1360 4390 1431 4451 teau
1460 4389 1556 4449 alleva

1192 4478 1292 4537 Gordia
1305 4480 1348 4538 rei
1361 4478 1501 4547 lastidia;

1193 4568 1229 4625 tlt
1240 4568 1344 4643 lingua
1357 4567 1435 4629 clare
1451 4566 1590 4627 concinat

1195 4656 1305 4713 Laudis
1326 4659 1384 4715 tuae
1398 4656 1563 4729 magnalia.

1232 4744 1357 4803 inlundo
1379 4743 1484 4803 lumen
1502 4744 1626 4819 Spiritus

1196 4835 1239 4893 Da
1252 4833 1417 4893 claritatem
1434 4834 1574 4893 cordibus
1585 4852 1595 4907 ;

1197 4923 1262 4990 Ouo
1278 4927 1305 4981 te
1315 4923 1410 4980 Deum
1429 4938 1483 4995 per
1494 4921 1597 4979 omnia

1200 5010 1369 5070 laudamus
1382 5024 1503 5085 sempor
1521 5006 1632 5067 secula.

1280 5104 1385 5159 limen.

1057 5188 1088 5254 i.
1105 5193 1220 5249 Bonum
1233 5194 1279 5249 est
1306 5189 1440 5249 confiteri
1468 5186 1605 5255 Domino,
1619 5186 1652 5246 P.
1665 5186 1699 5247 at
1723 5182 1850 5263 psallere

1023 5278 1205 5338 nominituo
1230 5278 1388 5339 altissime.

1061 5368 1104 5425 De
1113 5368 1338 5427 insurrectione
1348 5364 1721 5441 ResponsoriumDicilein
1727 5362 1853 5423 nationi·

139 5462 290 5524 illuminat
300 5466 359 5523 'nos
374 5456 502 5519 Alleluia
517 5455 574 5518 :ut
586 5453 692 5531 spirita
719 5456 771 5513 tuo
784 5452 898 5529 repleti,
910 5466 973 5512 uon
1023 5456 1085 5516 bus
1101 5454 1246 5514 Alleluia:
1261 5456 1573 5533 Dominusregnavita
1583 5456 1668 5529 liguo
1677 5452 1855 5524 alleluiati·

140 5541 572 5617 timeamuslnsidimlnlmlci.
592 5540 860 5613 Alleluiaalleluia.
872 5540 975 5608 umu-

1028 5546 1129 5608 leiuia.
1144 5545 1176 5613 t.
1187 5546 1302 5609 Eleum
1317 5544 1445 5607 correxit
1465 5542 1569 5607 orbem
1586 5546 1681 5618 terra,
1710 5560 1780 5621 quea
1792 5558 1855 5605 nou
