4117 6175
262 219 318 289 aa
806 166 812 173 ’
902 198 1130 275 armantur
1148 205 1347 273 cormeum.
1913 206 1964 273 aaa
2036 198 2037 287 ξ

264 343 594 414 Salomon.Etascendit
606 342 748 404 universa
760 337 995 413 multitudepesl
1008 350 1090 405 eum,
1104 336 1128 393 A
1143 350 1190 403 ne,
1204 336 1391 415 populetuo;
1420 340 1450 397 Ρ.
1467 338 1542 406 Quia
1560 336 1752 413 peccavimus
1778 336 1846 397 tibi.
1871 336 1903 401 i.
1924 340 1962 397 De
2036 380 2037 397 .

264 446 294 501 ct
306 440 436 515 populus
451 436 621 495 canentium
637 433 725 502 tibiis,
739 435 768 491 el
792 429 958 489 laetantium
979 424 1090 497 gaudie
1144 426 1359 485 crucislbrone
1381 428 1480 501 aspice
1501 442 1558 485 nos
1573 426 1710 497 miseros,
1737 430 1767 485 et
1786 428 1962 503 passionum

263 545 387 603 magno,
400 532 430 587 et
443 528 661 586 insonuitterra
676 523 954 581 aelamoreeorum.
970 513 1091 573 Audivit
1142 515 1329 588 compeditos
1341 516 1478 586 vinculis;
1490 517 1601 574 uestris
1611 514 1756 591 {absolve
1779 516 1961 590 Redemptor,
2036 516 2037 553 ³

264 626 366 680 autem
380 618 552 685 sidoniaset
563 614 726 688 omnesqui
739 610 853 669 invitati
869 609 987 665 fueraut
998 603 1089 667 abeo,
1144 604 1316 677 suppliciis;
1340 608 1368 663 Ρ.
1395 606 1479 673 Quia.
1494 605 1525 668 it.
1542 606 1651 665 Passus
1664 604 1794 678 flagella,
1816 608 1844 663 el
1869 606 1963 663 Crucis

262 712 388 784 lamque
402 706 573 767 convivium
586 704 703 761 linitum
718 706 781 760 erat
791 720 798 757 ε
810 699 862 756 sed
872 692 1088 771 masticem,
1142 691 1293 763 injuriam,
1303 686 1712 769 persequutorum'sustinens
1726 694 1870 763 convicia,
1888 694 1964 753 dena
2036 724 2037 759 t

266 798 369 858 audita
381 812 454 857 voce
466 796 560 866 tubae,
574 795 615 851 ait
630 810 638 849 .·
654 790 733 859 Quid
747 789 804 847 sibi
816 786 879 845 vult
892 787 1007 843 clamor
1019 781 1090 840 civi·
1143 778 1257 839 delictis
1279 784 1387 839 nestris
1403 784 1624 857 paenitentiam
1637 786 1665 842 P.
1690 784 1776 851 Quia.
1791 782 1824 844 t.
1845 782 1900 850 Qui
1921 782 1964 855 Ju-

264 884 574 947 tetistumultuanlisi
588 882 694 940 Adhuc
718 896 754 938 ee
772 879 923 953 loquente,
939 872 1090 932 lenatban
1142 872 1205 926 stus
1228 868 1591 945 judex‚mule1udicatns
1619 888 1660 940 es,
1685 876 1714 931 et
1731 884 1839 946 poenas
1866 872 1963 931 Crucis
2036 896 2037 903 ἒ

262 977 345 1035 lilius
354 974 498 1034 uniamur
509 970 672 1031 sacerdotis
682 969 777 1028 veuit:
790 968 837 1024 cui
849 965 923 1023 dixit
937 961 1088 1020 sidonias:
1143 958 1297 1033 suscepisti
1309 961 1469 1033 innocens3
1486 966 1518 1020 tu
1532 977 1588 1020 nos
1604 978 1623 1023 a
1639 960 1737 1036 poenis
1757 962 1866 1019 nestris
1885 960 1965 1019 salva

263 1064 430 1137 ingredere,
447 1061 520 1136 quia
533 1060 579 1119 vir
590 1059 674 1117 tortis
690 1074 733 1125 es,
745 1060 773 1115 el
783 1058 867 1115 bena
879 1052 1090 1111 nuntiansite·
1142 1045 1306 1105 redimens:
1318 1050 1347 1104 P.
1364 1048 1440 1115 Quia
1453 1046 1484 1113 il.
1500 1052 1564 1108 Vox
1576 1055 1629 1109 tua
1652 1052 1771 1109 Patrem
1797 1064 1855 1125 pro
1877 1048 1965 1107 nobis

264 1152 446 1228 spendllque
458 1148 606 1208 louatban
625 1147 758 1206 Adonim.
773 1150 979 1219 Nequaquam:
995 1138 1092 1197 domi·
1143 1134 1406 1211 exspectentque
1418 1136 1508 1195 silens
1523 1138 1577 1197 init
1590 1138 1663 1199 elim
1675 1144 1743 1197 ante
1752 1138 1966 1213 jndicem,ulle

264 1240 412 1301 musenim
426 1246 593 1298 nosterrex
607 1236 703 1295 David
716 1250 817 1307 regem
834 1231 984 1290 constituit
1008 1229 1090 1288 Salo·
1143 1230 1288 1296 regnante
1303 1226 1492 1301 perimamur
1509 1228 1650 1287 Domine:
1668 1230 1697 1285 P.
1714 1228 1800 1295 Quia.

264 1345 406 1389 monem:
421 1330 558 1402 misitque
568 1342 639 1384 eum
664 1341 701 1383 ee
727 1324 824 1383 sadec
850 1321 1048 1387 sacerdotem,
1062 1322 1091 1375 et
1179 1314 1317 1387 Dymnus.
1349 1317 1610 1389 ONaaarene.fel.
1625 1320 1687 1375 lli.

264 1420 381 1479 Nathan
395 1416 586 1491 prophetam,
597 1418 626 1472 et
638 1414 781 1472 banaiam
803 1412 900 1469 filium
924 1410 1048 1475 leiadae,
1062 1410 1091 1465 et
1180 1403 1327 1475 Capitale.
1342 1406 1435 1477 Surge
1446 1408 1532 1476 Deus,
1544 1412 1573 1464 et
1590 1406 1695 1483 judica
1707 1410 1831 1467 terram:
1859 1408 1892 1464 ul
1920 1407 1966 1481 qui

264 1507 378 1566 Ceretbi
392 1510 421 1563 et
432 1505 571 1573 Phelethi‚
586 1510 615 1562 et
626 1504 835 1577 imposuerunt
849 1516 918 1558 enm
929 1512 1089 1571 supermu-
1143 1492 1257 1549 eunctis
1271 1492 1438 1551 dominaris
1453 1496 1603 1569 Gentibus,
1615 1494 1680 1569 jam
1695 1494 1895 1554 resurrexisse
1913 1512 1968 1553 ere

262 1593 326 1655 lam
343 1596 436 1667 regis.
451 1597 663 1668 Duxeruntque
682 1608 748 1651 eum
762 1590 857 1648 Sadec
884 1587 1037 1653 sacerdos,
1061 1589 1090 1643 et
1142 1578 1262 1648 derisa
1276 1582 1387 1656 quibus
1402 1599 1433 1639 et
1448 1584 1624 1643 crucifixus:
1640 1602 1701 1661 que
1714 1585 1772 1642 sibi
1783 1589 1913 1659 uterque
1923 1601 1967 1661 pe·

262 1685 378 1745 Nathan
392 1684 540 1758 propheta
553 1699 651 1755 regem
665 1683 696 1738 in
709 1680 820 1740 Gibon:
835 1683 864 1736 et
886 1673 1089 1735 ascenderunt
1102 1683 1125 1743 Β
1145 1672 1234 1745 putus
1243 1674 1385 1732 charitate
1395 1676 1574 1735 consentiat:
1584 1676 1659 1733 dum
1669 1675 1934 1735 circumcisionem
1945 1679 1969 1733 et

262 1774 334 1833 inde
346 1772 660 1843 laetanteselinsennil
671 1771 775 1828 civitas
788 1769 865 1825 :haec
874 1772 1088 1839 estvox‚quam
1143 1762 1324 1835 praeputium
1336 1778 1416 1821 nexu
1430 1764 1500 1820 fidei
1517 1763 1683 1823 christianae
1691 1762 1892 1836 adglomeres.

263 1863 401 1922 audistis.
415 1862 474 1922 sed
487 1866 516 1919 et
526 1862 669 1921 Salomon
680 1857 978 1932 sedetsupersolium
991 1854 1086 1927 regni.
1179 1850 1379 1911 Paternesler.

262 1952 296 2010 lll
306 1950 435 2024 ingressi
443 1950 521 2009 servi
535 1952 614 2023 regis
625 1948 842 2008 benedixerunt
854 1945 1087 2005 deminoneslre
1490 1942 1539 2000 dd
1552 1942 1681 2001 Sextum.

260 2040 325 2113 regi
337 2040 445 2113 David,
456 2040 604 2099 dieentesa
620 2036 788 2112 Ampliticet
797 2038 874 2094 Deus
887 2032 1088 2093 nemcnSale
1199 2028 1296 2087 Lectio
1309 2029 1380 2088 lteri
1398 2030 1558 2091 Hieremiae
1577 2029 1733 2105 Prophetae
1747 2030 1835 2105 (Cep.
1850 2032 1911 2107 ru).

260 2130 361 2189 monis
375 2146 467 2204 super
481 2144 604 2187 nomem
615 2132 712 2198 tuum,
729 2122 932 2198 elmagniiieel
944 2124 1088 2181 thronum
1175 2128 1208 2189 lp.
1225 2120 1285 2176 Deo
1299 2118 1424 2192 gratias.
2036 2158 2037 2171 .

259 2223 359 2280 tuum.
378 2216 413 2279 tt
425 2220 563 2279 adoravit
574 2235 626 2277 rex
641 2220 673 2276 in
687 2216 794 2276 lectule
809 2233 882 2275 suo:
907 2215 1032 2290 insuper
1059 2216 1088 2271 et
1175 2207 1967 2283 verbumquodfactumestadliieremiamaDomine,
2036 2222 2037 2295 t

259 2310 326 2370 base
337 2311 504 2370 locutusest
519 2324 527 2365 a
541 2308 866 2367 BenedictusDominus
881 2306 960 2363 Deus
985 2298 1086 2375 lsrael,
1139 2292 1263 2352 dicens:
1282 2298 1434 2371 Numquid
1452 2297 1554 2357 vidisti
1577 2314 1646 2374 qum
1665 2297 1767 2356 iecerit
1780 2298 1965 2359 adversatrix
2036 2318 2037 2383 J

259 2400 312 2475 qui
328 2400 509 2459 dedithedie
520 2399 674 2457 sedentem
687 2399 718 2455 in
731 2396 807 2455 solie
822 2410 901 2466 meo,
914 2391 1087 2451 videntibus
1139 2391 1248 2450 lsrael?
1262 2392 1464 2453 abiitsibimet
1481 2412 1572 2471 super
1587 2411 1709 2455 earnem
1725 2400 1858 2455 montem
1873 2396 1968 2455 excel·
2036 2436 2037 2509 1

260 2488 354 2548 oeulis
367 2489 453 2547 meis.
464 2500 497 2563 lp.
507 2494 614 2551 Amen.
1141 2498 1220 2555 sum,
1234 2485 1262 2539 et
1275 2483 1332 2540 sub
1350 2484 1525 2557 omniligno
1539 2485 1693 2554 frondoso,
1709 2490 1737 2543 et
1751 2486 1898 2544 fornicata
1924 2489 1970 2545 est
2036 2534 2037 2553 ,

294 2578 467 2652 Antiphone
484 2582 508 2636 l.
524 2574 661 2648 Effunde,
678 2574 811 2642 Domine,
834 2588 924 2648 super
947 2571 1087 2630 inimices
1140 2570 1195 2629 ibi.
1211 2574 1245 2631 Et
1259 2571 1330 2642 dixi,
1347 2573 1544 2633 cumiecisset
1555 2574 1744 2633 haecomnia:
1758 2575 1802 2632 Ad
1813 2590 1861 2633 me
1872 2592 1970 2635 rever
2036 2580 2037 2617 t

257 2676 343 2727 meos
358 2666 436 2727 iram
448 2671 546 2726 mam:
562 2668 592 2726 et
608 2663 775 2739 indignatio
787 2664 839 2721 irre
852 2666 911 2721 tuae
923 2660 1087 2737 apprehen·
1140 2664 1219 2721 tere:
1240 2667 1268 2720 et
1291 2667 1416 2723 nonest
1439 2680 1568 2725 reversa.
1594 2668 1628 2723 lit
1651 2664 1724 2723 vidit
1747 2663 1971 2739 prevaricatrix
2036 2664 2037 2737 t

257 2750 310 2815 dat
322 2770 384 2816 ees.
399 2752 464 2815 atat
479 2755 626 2816 habitatio
642 2770 746 2813 eorum
771 2754 889 2812 deserta
903 2769 911 2809 ε
925 2755 954 2809 et
965 2767 1026 2809 non
1041 2750 1085 2808 in·
1140 2767 1224 2809 soror
1232 2752 1298 2824 ejus
1313 2752 1399 2822 tuda,
1415 2754 1489 2829 quia
1503 2770 1557 2828 pre
1572 2770 1618 2826 ee,
1636 2752 1719 2828 qued
1734 2754 1871 2813 noeebata
1884 2756 1971 2813 esset
2036 2756 2037 2821 t

256 2842 335 2905 bant
351 2845 384 2905 in
396 2844 579 2919 tusjustitia.
593 2841 629 2908 it.
647 2839 806 2903 Deleaulur
827 2840 865 2899 de
885 2840 962 2899 libre
989 2839 1086 2898 viveu·
1139 2839 1322 2899 adversatrix
1335 2842 1705 2917 lsrael,dimisissemeam,
1719 2848 1747 2902 el
1774 2842 1930 2902 dedissem
1945 2843 1970 2901 ei
2036 2834 2037 2911 t

258 2930 333 2995 lium
351 2939 399 2993 :et
412 2951 481 2993 cum
493 2934 582 3007 justia
594 2948 656 2989 non
666 2932 845 2990 scribantur.
1139 2926 1273 2987 libellum
1285 2930 1419 3006 repudii:
1431 2934 1459 2987 et
1472 2947 1534 2988 non
1545 2931 1642 2989 timuit
1656 2932 1879 3007 praevaricatrix
1889 2934 1907 2989 J
1911 2932 1970 2991 uda
2036 2942 2037 2965 ¹

293 3021 406 3079 oratio.
422 3020 558 3088 Effunde,
579 3017 716 3085 Domine,
734 3035 824 3092 super
843 3018 981 3076 inimices
1000 3031 1120 3103 meesc
1139 3033 1224 3077 seror
1238 3018 1314 3094 ejus,
1330 3020 1382 3077 sed
1396 3018 1479 3089 abiit,
1495 3023 1523 3077 et
1537 3021 1680 3079 fornicata
1693 3026 1739 3081 est
1753 3021 1843 3081 etiam
1854 3021 1970 3096 ipsaiit
2036 2978 2037 3055 i

256 3107 333 3167 iram
348 3113 432 3166 tuam
444 3129 450 3164 ι
464 3113 496 3165 ut
508 3107 692 3165 habitatione
705 3123 810 3164 eorum
822 3111 1018 3181 permanente
1033 3107 1084 3164 de·
1139 3108 1279 3167 facilitate
1294 3109 1501 3167 fornicatiouis
1514 3127 1577 3168 suae
1587 3111 1802 3170 contaminavit
1814 3114 1970 3178 terram,et

256 3202 345 3264 serta,
358 3195 480 3254 tandem
493 3193 658 3269 aliquando
671 3199 836 3268 agnoscant
848 3195 948 3253 lecum
963 3195 1081 3262 fureris,
1138 3197 1338 3255 moechalaest
1353 3215 1421 3255 cum
1434 3198 1534 3272 lapide
1545 3199 1708 3272 etlignodit
1722 3200 1753 3257 in
1763 3200 1965 3258 omnibusbia
2036 3197 2037 3266 l

257 3291 287 3345 et
297 3283 448 3359 injustitie
463 3301 536 3343 suae:
545 3289 577 3342 ut
586 3283 789 3342 conversionis
801 3283 879 3341 illius
890 3283 929 3341 ad
941 3289 969 3341 te
982 3284 1083 3343 aditus
1137 3290 1248 3344 nonest
1258 3302 1375 3344 reversa
1387 3287 1426 3346 ad
1437 3303 1484 3344 me
1493 3289 1715 3361 prevaricatrix
1724 3289 1969 3362 sororejusluda
2036 3271 2037 3312 ³

254 3379 356 3452 pateat
369 3373 401 3431 in
413 3372 552 3444 Ecclesia,
567 3373 640 3448 quia
654 3377 777 3431 lemene
799 3371 925 3431 civitatis
941 3371 1081 3432 llierusa·
1137 3374 1168 3432 in
1183 3374 1346 3434 totocorde
1362 3391 1428 3446 suo,
1454 3376 1508 3432 sed
1522 3378 1553 3434 in
1568 3378 1736 3446 mendacio,
1753 3377 1794 3438 ait
1808 3378 1967 3437 Dominus.

255 3460 315 3522 lem
330 3461 522 3538 perdiderunt
531 3462 652 3522 evrxilia.
665 3474 697 3534 ll·
714 3463 820 3520 amen.
1138 3463 1253 3522 litdixil
1269 3464 1414 3522 Dominus
1425 3463 1515 3540 329
1526 3467 1565 3524 ad
1573 3467 1821 3526 mezlustificavit
1830 3469 1968 3528 animam
2036 3483 2037 3546 t

290 3553 468 3624 Antiphone
478 3555 505 3609 l.
521 3555 597 3612 Dum
612 3555 864 3626 congregarentur
876 3567 982 3610 omnes
992 3552 1082 3610 simul
1136 3569 1221 3610 suam
1236 3553 1968 3631 aversatrix1srae1,eomparatienepraevaricatri—
2036 3547 2037 3582 ³

255 3640 417 3701 adversum
427 3659 487 3714 me,
503 3642 857 3717 utaeciperentanimam
871 3643 1082 3711 meam,censi·
1136 3643 1177 3700 cis
1202 3643 1287 3699 luda.
1302 3642 1432 3716 Vadaei
1460 3644 1558 3702 clama
1585 3661 1739 3704 sermones
1764 3645 1838 3703 isles
1863 3653 1969 3706 contra

254 3727 318 3789 llali
330 3736 409 3790 sunt.
420 3730 483 3805 Ego
497 3747 568 3789 vcro
582 3732 614 3789 in
627 3736 654 3789 te
669 3730 798 3805 speravi,
814 3731 949 3791 Domine.
968 3729 1000 3792 i.
1015 3731 1082 3789 illu·
1135 3731 1323 3806 Aquilonem,
1339 3737 1367 3790 et
1380 3733 1479 3790 dices:
1497 3737 1650 3791 Revertens
1669 3735 1836 3793 aversatrix
1862 3735 1967 3801 Israel,
2036 3729 2037 3734 ’

254 3821 337 3879 mina
347 3821 450 3879 taciem
465 3825 549 3878 tuam
565 3836 655 3896 snper
666 3837 785 3879 servum
801 3826 897 3886 inum,
911 3824 940 3878 et
962 3820 1080 3878 salvum
1135 3819 1175 3876 ait
1186 3821 1371 3888 Dominus,et
1383 3837 1444 3878 nen
1457 3825 1590 3880 avertam
1604 3821 1711 3880 faeiem
1720 3841 1819 3884 meam
1829 3825 1945 3883 avobis
1960 3839 1967 3884 t

253 3907 405 3968 malacin
424 3915 477 3968 tua
491 3909 706 3968 misericordia.
1134 3911 1205 3986 quia
1220 3915 1340 3968 sauctus
1355 3928 1410 3984 ege
1430 3912 1841 3982 sum,dicitneminus,etn0n
1853 3915 1968 3975 irascar
2036 3895 2037 3922 ¹

290 3997 402 4057 Oratio.
413 3993 557 4057 ineflabili
569 3997 693 4056 Domine
703 3998 833 4058 enituisti
841 3997 995 4072 patientia,
1008 3999 1079 4056 dnm
1134 3999 1652 4074 inperpetuumlierumtamenscite
1664 4001 1853 4074 iniquitatem
1869 4007 1966 4072 luam,

253 4091 436 4160 congregata
450 4088 549 4145 omnis
572 4086 662 4144 simul
684 4087 845 4145 adversum
862 4093 889 4144 te
913 4086 1079 4146 infidelium
1134 4090 1206 4164 qnia
1216 4088 1247 4146 in
1263 4089 1421 4147 Dominum
1432 4093 1523 4146 Deum
1552 4095 1637 4148 tuum
1650 4091 1850 4165 prevaricata
1871 4107 1924 4150 cs:
1941 4095 1968 4150 el
2036 4089 2037 4164 t

252 4177 387 4248 turbe,ul
397 4175 567 4251 acciperent
580 4176 713 4234 animam
723 4176 1000 4235 tuam2nitebanlur
1010 4193 1080 4234 con·
1133 4176 1304 4251 disperdisti
1311 4179 1375 4237 vias
1385 4184 1451 4236 tuas
1463 4179 1567 4237 alienis
1582 4179 1638 4236 sub
1651 4179 1734 4238 omni
1748 4180 1831 4252 ligne
1840 4181 1967 4239 frendo·
2036 4169 2037 4252 t

252 4265 337 4333 siliis,
349 4268 432 4342 quod
446 4268 476 4324 in
489 4266 588 4325 verbis
597 4272 625 4325 te
639 4271 884 4343 caperent,quem
896 4267 1000 4344 utique
1012 4269 1079 4326 Ver·
1133 4272 1331 4332 so,etveoem
1344 4284 1442 4325 meam
1455 4267 1648 4340 nouendiali,
1662 4269 1704 4326 ait
1718 4269 1875 4326 Dominus.
1893 4270 1969 4330 Cou-
2036 4253 2037 4334 t

250 4349 326 4415 bum
340 4353 390 4415 Dei
409 4373 475 4414 esse
488 4355 650 4415 nescirent:
662 4359 691 4414 el
703 4356 782 4430 ideo,
794 4355 846 4431 qui
857 4362 920 4415 tam
934 4357 1079 4432 potentia·
1092 4393 1116 4453 Β
1136 4355 1284 4412 vertimini
1294 4355 1345 4412 tilii
1360 4363 1550 4422 revertentes,
1563 4357 1634 4415 dicit
1643 4357 1797 4416 Dominus.
1810 4369 1843 4432 a.
1857 4357 1966 4418 lmen.

250 4441 317 4503 liter
329 4446 425 4505 viciati
443 4445 475 4504 in
494 4445 565 4504 luis:
582 4445 749 4517 glorificare
760 4449 786 4503 te
802 4446 927 4519 dignare
952 4446 985 4503 iu
1008 4463 1078 4505 con⁴
1167 4445 1341 4518 Antiphone
1352 4445 1434 4504 tad
1442 4451 1470 4504 te
1481 4447 1641 4506 Dominum
1651 4446 1896 4508 cumtribularer
1911 4449 1968 4508 ola·

250 4531 566 4594 iesslenibusnestris.
579 4547 611 4610 tp.
623 4535 727 4594 lmen.
1130 4534 1229 4592 mavi:
1252 4537 1282 4591 et
1302 4532 1455 4593 exaudivit
1475 4551 1534 4593 me.
1565 4537 1689 4594 Domine
1707 4535 1803 4596 libera
1823 4540 1965 4598 animam

284 4620 497 4697 Anttplecca.
512 4623 638 4684 Domine
652 4624 782 4684 retribue
796 4639 851 4700 pro
864 4639 927 4683 mc:
949 4623 1076 4688 Domine
1130 4638 1231 4683 meam
1246 4621 1359 4680 alabiis
1373 4621 1495 4696 iniquis,
1511 4627 1539 4681 cl
1553 4624 1682 4698 elingua
1698 4623 1815 4686 dolosa.

248 4713 455 4774 misericordia
468 4721 520 4774 tua
533 4713 566 4772 iu
581 4719 742 4773 aeternum:
757 4715 1076 4790 operemcnuumjtna·
1166 4712 1279 4771 Oratio.
1294 4711 1338 4770 ad
1352 4715 1380 4770 le
1394 4710 1643 4780 Dominum,dum
1658 4713 1838 4774 tribulamur
1848 4713 1965 4776 dama·
2036 4707 2037 4760 ³

247 4809 317 4863 tum
330 4819 369 4863 ne
382 4803 587 4881 despiciast.
607 4803 809 4863 confiteantur
816 4801 998 4860 tibiDomine
1007 4819 1074 4862 em·
1128 4817 1198 4859 mus
1214 4818 1222 4859 :
1238 4806 1271 4860 ut
1282 4799 1468 4860 ntesalabiis
1485 4801 1596 4876 iniquis
1618 4801 1740 4870 liberes,
1763 4808 1793 4862 et
1818 4801 1965 4882 elingua
2036 4785 2037 4846 ἶ

246 4890 1072 4970 nesregesterrte:quiaudieruntemniaverbaeristui.
1128 4889 1234 4950 dolosa
1247 4893 1338 4948 tutes:
1363 4905 1419 4949 nee
1433 4889 1659 4950 blandientibus
1683 4891 1875 4968 iniquitatem
1902 4889 1964 4970 na
2036 4941 2037 4978 ,

281 4991 315 5057 lp.
342 4983 417 5040 Eece
451 4998 514 5041 non
541 4981 685 5042 auxilinm
725 4982 807 5050 mibi,
830 4985 860 5040 et
888 4981 987 5039 dilecti
1012 4984 1073 5042 mei
1126 4975 1509 5048 humilies;necreeessum
1523 4995 1541 5036 a
1555 4910 1963 5054 veritatesuadentiensmg·
2036 4991 2037 5048 ξ

245 5074 462 5131 recesserunla
477 5087 539 5131 me:
552 5074 711 5132 suscitatus
724 5069 903 5146 falsiloquus
929 5071 1071 5132 adversus
1127 5072 1394 5127 sensumneslrum
1406 5068 1557 5128 incurves.
1573 5079 1605 5142 n.
1620 5072 1728 5128 Amen.
2036 5081 2037 5134 g

244 5153 353 5220 taciem
367 5175 480 5220 meam.
494 5163 529 5223 P.
544 5161 835 5222 cenuadieeusmibi
847 5159 1071 5224 frenduitinme
1161 5158 1336 5230 Antiphone
1347 5161 1373 5216 t.
1394 5157 1533 5216 Discerne
1558 5170 1686 5218 causam
1708 5173 1805 5217 meam
1830 5159 1964 5222 Domina
2036 5179 2037 5224 fi

244 5249 467 5309 dentibussnis.
481 5250 515 5314 t.
538 5253 627 5310 Nacta
652 5255 699 5308 est
722 5249 873 5310 hereditas
897 5267 967 5310 mea
996 5251 1071 5310 mihi
1125 5245 1262 5318 degente
1277 5262 1339 5305 non
1359 5252 1486 5305 sancta:
1506 5245 1679 5306 abhomine
1694 5246 1963 5322 iniquoetdoloso
2036 5251 2037 5256 ’

242 5341 399 5416 tamquam
413 5337 460 5398 leo
473 5339 504 5398 in
516 5338 606 5398 silva:
626 5338 709 5396 dedit
723 5344 827 5399 contra
857 5357 906 5398 me
931 5339 1071 5402 adversa»
1124 5333 1218 5394 libera
1234 5352 1292 5393 me.
1307 5335 1339 5398 it.
1351 5337 1448 5404 Quare
1463 5336 1552 5394 tristis
1566 5351 1598 5393 es
1614 5337 1717 5394 anima
1731 5333 1825 5394 meai
1839 5354 1856 5396 e
1868 5343 1962 5414 tqua·

241 5425 304 5487 rius
318 5445 426 5495 vocem
439 5447 536 5490 suam.
551 5429 582 5488 P.
598 5426 810 5488 contradicens
823 5429 907 5489 mibi.
1123 5435 1155 5494 re
1169 5427 1333 5484 conturbas
1346 5427 1415 5483 mei
1440 5428 1533 5500 Spera
1546 5425 1578 5484 in
1601 5428 1671 5498 Deo,
1688 5425 1829 5502 queniam
1853 5427 1964 5488 adbuc

275 5515 550 5592 arscennene,
565 5521 705 5596 etparea
725 5512 956 5578 clementissime
971 5519 1069 5578 Demi·
1123 5511 1287 5574 confiteber
1300 5513 1360 5578 illi:
1377 5513 1507 5575 mutare
1520 5513 1706 5588 vultuatum,
1724 5517 1753 5576 et
1763 5515 1842 5578 Deus
1854 5532 1960 5578 meus.
