4117 6175
128 225 200 295 im
880 219 1068 289 cmm

126 359 262 418 animam
270 354 419 419 manmit.
432 353 581 424 Quoniam
587 355 745 421 abscondit
752 373 800 415 ese
807 356 840 414 in
854 355 951 416 taber·
964 354 988 409 Α
1111 357 1407 421 Doctorinnccentin

127 447 237 507 naculo
256 460 310 504 suo
332 444 364 502 ln
385 444 434 502 die
459 447 609 507 melorum
634 445 761 520 protexit
784 461 842 508 me.
864 444 897 500 P.
915 447 951 503 Ut
1111 449 1207 514 Quam
1220 451 1489 525 sedluperloravlt

127 538 251 595 salvem.
264 534 295 598 i.
306 533 415 602 Gloria,
425 538 454 591 el
468 534 575 593 honor.
587 534 621 592 Ρ.
632 538 668 592 lit
681 535 807 594 salvem.
1112 535 1204 594 Clavis
1222 541 1401 609 prenitentlre
1415 560 1422 600 :

164 627 278 684 Oratio.
292 627 417 694 lixurge,
431 623 652 695 gloriandum,
669 624 763 691 Deus3
772 630 801 681 et
814 622 896 696 eripe
910 621 952 680 ab
1111 623 1282 685 Passionem
1300 633 1516 693 consummavit

125 714 211 770 hoste
225 711 370 784 captivos,
392 717 483 782 atquc
495 725 551 784 pro
568 711 680 786 qulbus
693 711 904 782 magnilleetns
916 725 950 766 es
1111 713 1203 772 cruce
1215 717 1373 788 patientis.

125 816 223 876 usque
232 799 380 866 adcoelos,
393 799 451 857 hos
463 800 496 856 in
514 805 543 858 te
554 800 740 863 confluentes
752 800 867 858 intuere
888 798 952 874 pla·
1148 804 1235 861 Feras
1251 821 1341 864 sensu
1356 813 1537 884 paupertatis

126 895 226 959 cctns;
240 895 268 946 et
281 889 346 963 ipse
357 888 398 945 da
414 887 446 944 in
458 887 648 949 mensione
662 889 817 956 auxilinm,
833 890 886 964 qui
899 904 952 947 no·
1112 891 1270 951 Redimens
1286 896 1418 966 delicias,

127 984 198 1036 strae
205 978 311 1036 salutis
319 993 351 1034 es
358 976 625 1051 complementum.
637 978 821 1036 contessoris
832 982 890 1037 lure
898 979 951 1036 ita·
1113 979 1153 1036 lle
1166 981 1306 1042 thesauro
1318 984 1432 1058 pietalis

127 1083 187 1142 qne
204 1066 301 1125 heare
316 1065 466 1124 Elisabeth
484 1064 530 1122 sic
548 1081 605 1124 noe
619 1070 701 1124 tuere
719 1065 856 1125 subsidio
871 1085 878 1124 :
900 1083 948 1135 ne,
1112 1067 1199 1127 Fudit
1211 1072 1276 1128 auri
1291 1075 1403 1148 copies,

126 1161 230 1214 nostro
238 1155 374 1226 exigente
383 1153 498 1219 merito,
513 1155 706 1212 tradamurin
715 1156 881 1213 internum:
894 1155 950 1212 sic·
1112 1159 1144 1214 lit
1158 1159 1320 1218 multorum
1330 1166 1467 1237 egestatis

127 1260 187 1320 que
200 1259 360 1302 remunera
374 1241 510 1318 praemio,
525 1249 559 1302 nt
571 1244 748 1304 condientes
758 1245 908 1320 perducas
918 1245 950 1303 in
1111 1246 1264 1320 Supplevit
1276 1250 1403 1326 inopias.

127 1333 245 1391 coelum.
255 1345 288 1406 a.
301 1333 407 1390 Amen.
1147 1334 1225 1395 Fecit
1240 1355 1328 1412 opus,
1354 1343 1420 1399 luen
1435 1343 1491 1402 sibl

163 1423 228 1480 Per.
1111 1425 1251 1490 Querens
1264 1428 1450 1498 alimoniam,

428 1510 465 1567 In
485 1509 647 1572 bombus.
1112 1515 1145 1571 lit
1157 1514 1303 1575 vilescens
1316 1519 1391 1593 ipsa,
1406 1521 1464 1580 sibl

161 1598 743 1669 Adcomtcamdntipttcacuonctehor
753 1601 808 1658 tihi
814 1601 948 1660 Domine.
1114 1602 1228 1676 Sprevit
1241 1605 1435 1678 ignominiam
1447 1629 1455 1668 ε

127 1689 295 1748 Canticum.
307 1688 476 1746 cnofitebor
485 1689 548 1753 tihi,
561 1690 685 1747 Domine
698 1689 768 1748 llas.
782 1692 840 1763 sot.
854 1709 948 1750 cunr.
966 1697 990 1754 B
1112 1691 1212 1749 Sciens
1225 1694 1291 1764 soli,
1308 1697 1432 1767 christe,
1446 1699 1499 1757 tibi

162 1779 274 1836 Oratio.
287 1777 451 1835 meffabilis
469 1777 614 1834 bonitatis
633 1785 748 1845 euomr,
766 1785 795 1837 et
813 1781 948 1850 homine,
1110 1780 1196 1836 lisele
1209 1780 1281 1840 dare
1293 1781 1430 1854 gloriam.

126 1869 179 1942 qul
195 1866 376 1926 beatissime
392 1866 545 1925 Elisabeth
556 1866 691 1939 lingce-
705 1868 815 1942 imples
835 1869 951 1928 confes·
1145 1866 1244 1925 Gloria
1257 1871 1293 1928 sit
1309 1872 1369 1940 tibi,
1386 1873 1465 1934 hone

126 1955 222 2022 sione,
236 1961 264 2013 et
276 1954 559 2012 cordisremuneras
569 1955 759 2027 charitatem
770 1958 851 2017 dona
860 1958 949 2016 nobis
1112 1955 1169 2028 23
1185 1957 1295 2015 Christe
1308 1975 1397 2029 nuno,
1417 1969 1445 2020 ct
1457 1965 1584 2037 jugiter:

127 2044 192 2116 eius
206 2043 329 2110 maritis,
345 2049 378 2100 ut
395 2048 482 2100 tuum
492 2043 667 2104 conlltmtos
678 2059 790 2103 nomen
803 2045 836 2103 in
854 2047 949 2118 terris,
1111 2045 1166 2110 Oui
1179 2051 1325 2106 certantes
1339 2049 1370 2107 in
1389 2066 1488 2122 agone

126 2146 233 2206 pacem
247 2131 415 2190 hammus
428 2132 459 2189 in
468 2131 576 2189 diebus
592 2133 710 2190 nostris.
726 2145 759 2205 ip.
774 2135 878 2193 Amen.
1110 2133 1244 2207 Adjuvas
1258 2136 1396 2210 fideliter,

161 2219 587 2291 accendendorum.
598 2221 951 2291 FiliaSion‚benedicllo·
1113 2223 1145 2278 Et
1156 2225 1326 2282 mercedem
1340 2227 1396 2286 das
1408 2245 1526 2288 corones

125 2308 277 2366 mirobeo
291 2307 392 2366 exelso
402 2306 435 2365 in
446 2307 531 2366 omni
542 2308 761 2377 benedictione,
776 2311 914 2371 etlaude.
1112 2308 1248 2368 Vincenti
1264 2312 1393 2372 viriliter.

164 2397 325 2455 Canthum.
337 2397 515 2456 Benedictus
528 2413 561 2454 es
577 2398 712 2456 Domine.
1148 2401 1253 2458 Amen.

161 2486 247 2543 sono.
272 2487 305 2542 ln
331 2493 497 2559 conspectu
522 2486 719 2557 Angelorum.
749 2489 806 2559 tot.
834 2491 949 2548 cerrus.
1040 2483 1605 2566 Supplicutio.oremusliedemptoren
1615 2498 1830 2559 mundillomi-

125 2572 275 2632 Peninus.
284 2574 594 2644 corrumpente..
608 2575 759 2633 llnlierem
769 2576 876 2637 iorlem
883 2578 952 2652 quie
1004 2585 1080 2628 num
1091 2579 1225 2630 nostrum
1239 2576 1341 2633 lesum
1351 2578 1507 2638 Christum.
1523 2584 1685 2655 Requircra
1700 2589 1828 2659 vesperis

129 2659 481 2732 inconsummate.
1002 2660 1248 2731 precedentibus.

461 2749 611 2821 ΜΝ,
1042 2747 1195 2818 capituto.
1216 2749 1357 2820 Gloriosa,
1379 2769 1415 2812 ac
1436 2756 1604 2816 misericors
1627 2761 1762 2831 llomlne,
1775 2766 1829 2839 qui

270 2837 355 2896 Nunc
366 2841 544 2896 cunctorum
555 2853 612 2896 ros
623 2836 759 2912 iocunda
1003 2835 1101 2893 beatae
1116 2836 1263 2896 Elisabeth
1274 2840 1326 2899 tibi
1340 2842 1431 2900 nimia
1444 2843 1477 2902 in
1490 2861 1540 2904 ore
1555 2863 1611 2908 suc
1623 2849 1758 2908 conllteri
1774 2852 1828 2910 de·

233 2930 375 2989 umam
388 2925 545 2990 murias
1005 2923 1085 2992 disti,
1105 2930 1192 3001 teque
1214 2927 1244 2984 in
1260 2929 1361 2987 medio
1380 2931 1542 3002 justorum,
1558 2936 1623 3008 ejus
1641 2939 1829 2999 contessionc

234 3017 308 3074 feam
324 3016 496 3088 congaudet
509 3015 685 3079 lassabunda
970 3012 1124 3103 claudsri
1133 3016 1265 3091 voluisti,
1278 3023 1309 3076 ul
1321 3033 1400 3089 eam,
1411 3022 1479 3082 etin
1490 3024 1574 3080 terris
1586 3025 1791 3102 condientem,
1802 3037 1831 3091 et

235 3103 305 3163 sion
331 3111 437 3171 maror,
453 3103 515 3164 fllia
1004 3102 1036 3160 in
1051 3105 1176 3164 coneilio
1191 3108 1366 3165 Sanctorum
1380 3110 1560 3181 glorificens,
1576 3113 1689 3175 laceros
1700 3120 1832 3179 exultan-

236 3192 425 3249 Ascendeute
439 3192 477 3249 de
492 3193 644 3265 profunda
1005 3196 1082 3251 tem:
1099 3195 1292 3267 exposcimus
1300 3200 1338 3255 lui
1355 3200 1488 3257 muneris
1500 3201 1626 3276 donum,
1641 3211 1675 3263 ut
1688 3208 1753 3279 clus
1768 3225 1833 3283 pre-

233 3268 371 3334 Convatlc
385 3270 527 3333 miseric.
1005 3280 1830 3370 oibnslribuasnnbieepecceticontagicnepurgari‚ab
1932 3340 1935 3352 .

269 3358 366 3431 Quam
380 3360 474 3435 regati
489 3363 580 3437 stirpe
589 3368 694 3428 uatem
1005 3371 1165 3430 ardoribus
1174 3376 1394 3449 perpetuiserui,
1403 3378 1541 3449 siglorle
1551 3385 1610 3439 lua
1617 3381 1831 3445 mactndinem

235 3445 268 3505 ln
279 3449 367 3509 anah
381 3448 526 3523 inantia,
1006 3462 1162 3535 consequi.

234 3537 281 3594 Vir
295 3538 407 3611 accepit
418 3538 636 3615 desponsatam
1042 3549 1129 3607 Pater
1142 3555 1253 3611 noster.
1269 3554 1300 3610 Et
1313 3568 1351 3611 ne
1362 3570 1428 3619 cca.
1450 3556 1577 3621 liberati
1596 3560 1717 3625 amalo
1728 3562 1784 3635 fol.
1802 3568 1829 3623 2.

235 3625 344 3688 indolis
356 3626 491 3695 eximin3
1042 3637 1152 3696 Laudo.
1169 3641 1385 3701 (terminabunt
1398 3660 1469 3709 osea
1484 3648 1604 3717 thadat.
1615 3651 1832 3710 cassusnedt-

236 3714 330 3791 Super
342 3720 444 3777 tamen
459 3715 638 3794 inspiratam
1007 3724 1077 3784 ctio.
1088 3727 1450 3807 Christusllominusqui.
1461 3734 1605 3805 Querela
1622 3738 1750 3812 lassus
1760 3756 1831 3812 pra·

234 3803 309 3860 iloto
323 3804 523 3865 continentiis.
1007 3814 1185 3873 cedentibus.

270 3890 348 3957 Fide,
364 3892 455 3963 prole,
471 3900 672 3963 sacramento,
1113 3904 1149 3961 lu
1164 3905 1249 3963 Festo
1265 3906 1373 3972 Saucia
1396 3910 1558 3971 Felicitatis
1574 3916 1724 3991 marteris.

234 3980 341 4040 lictum
353 3979 411 4040 hoc
421 3981 599 4055 coniugium
1043 3990 1144 4049 Omitto
1156 3993 1296 4053 dicantur
1310 4001 1397 4060 cuiue
1418 4001 1557 4075 Virginis.
1571 4003 1624 4077 snt.
1637 4020 1752 4069 ccxxix.

234 4068 309 4125 iero
320 4067 408 4128 docet
421 4076 618 4140 argumento:
1093 4080 1131 4137 In
1145 4082 1228 4139 Festo
1242 4084 1345 4143 suncti
1367 4087 1550 4162 chrysogoni
1569 4095 1719 4168 mariprtr.

235 4154 320 4220 Quod
331 4162 451 4227 patrum
468 4156 633 4215 coelestium
1043 4170 1145 4227 omnic
1159 4171 1299 4230 dicuntur
1310 4177 1399 4238 unius
1413 4178 1564 4251 Martyris,
1577 4180 1635 4251 sct-
1650 4198 1713 4245 ccx.

234 4241 305 4299 vitae
320 4250 431 4307 sancte
447 4252 666 4319 succremento,
1005 4258 1040 4315 lli
1062 4259 1168 4317 iusto
1189 4260 1216 4317 S.
1234 4262 1437 4323 CthlhlilliAE
1460 4267 1608 4327 vlllGlNlS
1630 4268 1674 4327 ΕΤ
1693 4270 1829 4330 MARTY-

233 4333 335 4405 arrigit
347 4336 547 4398 consortium:
966 4390 991 4447 D
1384 4354 1450 4409 ills.

266 4417 345 4493 'hege
357 4422 458 4483 carnis
473 4440 535 4485 non
547 4426 670 4492 externit
1042 4434 1387 4497 Omniddiconturaaius
1400 4441 1598 4515 Vtigtntssct.
1607 4460 1829 4519 ccxxrx‚ececp·

234 4512 267 4569 tn
278 4525 311 4566 se
323 4509 430 4572 loriam
448 4512 588 4585 spiritum
592 4532 603 4587 ς
1006 4527 1036 4581 tc
1047 4522 1152 4596 hymno
1164 4526 1202 4584 dc
1225 4527 1351 4598 iacueris
1362 4536 1388 4586 ct
1399 4528 1568 4605 Matutinis,
1587 4534 1641 4612 qui
1656 4542 1829 4611 regeruntur.

236 4596 293 4654 Sed
306 4598 440 4673 implevit
455 4600 525 4666 lide,
541 4607 628 4670 vot03
1345 4618 1487 4691 Hymnus.

234 4686 292 4741 lico
310 4685 430 4759 reliquit
443 4685 569 4759 irritum,
1149 4701 1309 4763 catharine
1320 4706 1475 4777 mirabilis,

233 4771 319 4842 Quod
334 4790 353 4835 a
366 4773 427 4833 Deo
441 4790 526 4833 mens
535 4784 668 4853 peracta,
1112 4794 1207 4865 Atque
1227 4792 1287 4850 Deo
1301 4796 1450 4865 niriabilis,

235 4862 360 4919 Gerebat
371 4866 568 4937 propositum.
1113 4879 1165 4935 Per
1179 4882 1463 4956 omnialeudahilis‚
1541 4878 1545 4887 '

267 4951 335 5009 illac
350 4951 488 5027 insignis.
500 4952 566 5013 hac
576 4954 677 5025 besu,
1112 4966 1202 5025 Nobis
1217 4986 1355 5031 succurre
1368 4976 1492 5031 miseris.

233 5038 404 5112 Pauperum
422 5042 571 5113 solatium,
1146 5058 1235 5116 adsis
1247 5062 1335 5121 nobie
1350 5064 1497 5132 exulibus,

234 5128 325 5189 Faetu
339 5130 445 5192 incudi
459 5147 520 5191 noa
540 5131 629 5203 elato,
1113 5147 1207 5203 Tuum
1218 5148 1327 5207 laetum
1342 5152 1519 5221 colentibus,

233 5215 597 5289 Nacpatrcctcchitium‚
1112 5234 1289 5295 litcarentes
1303 5240 1438 5306 victibus,

232 5300 411 5361 insecarnc
427 5306 585 5379 trucidata,
1112 5326 1172 5382 Nos
1187 5328 1312 5387 subleva
1323 5328 1493 5402 syderibus.

233 5392 384 5457 crucifixit
399 5394 515 5458 duum.
1148 5415 1188 5472 lie
1199 5418 1256 5474 tuis
1266 5418 1359 5477 secus
1370 5417 1489 5475 omibus

267 5481 461 5554 lassantem
473 5488 662 5553 occurrerit
1111 5506 1210 5565 nansi
1222 5506 1320 5581 lquor
1332 5506 1557 5585 lmgcenchns,
