4117 6175
788 283 878 343 YltiNl
899 282 1135 345 MOZARABICI.
1775 291 1830 348 886

474 411 582 467 cmv.

305 513 443 555 cumaena
457 513 589 556 emanere
604 514 753 556 retorsere.

431 585 570 656 Copitutc
585 589 630 644 51.

156 668 187 764 ξ
204 677 318 732 cxviii.
336 675 547 732 Provencrunt.

962 409 987 466 Δ
1038 406 1165 469 Florebit
1176 411 1347 484 amigdalus
1359 414 1388 471 et
1397 408 1637 484 impinguabitur
1650 410 1768 473 lucusta
1783 419 1836 476 :et

999 497 1194 571 dissipabitur
1207 501 1358 576 capparis.

1036 588 1184 652 Quoniam
1195 590 1251 647 ibit
1260 590 1353 648 bomo
1361 588 1391 646 in
1401 587 1529 645 domum
1539 586 1704 648 eternitatis
1716 606 1769 650 ene
1782 608 1789 650 :
1802 595 1831 651 et

998 674 1169 732 circuibunt
1181 677 1213 733 in
1228 677 1329 750 platea
1344 676 1531 751 plangentes.

149 767 224 820 Ana.
240 761 297 830 Oui
308 762 384 832 serit
397 762 493 820 omnio
503 763 562 834 ipse
576 763 717 833 ereneus,
728 765 755 819 ct
768 761 884 820 irrobet
894 761 944 820 be
1031 767 1202 838 Antequam
1217 769 1375 838 rumpatur
1389 763 1470 822 funis
1483 767 1643 836 argenteus
1656 767 1685 821 et
1699 771 1831 828 recurret

112 850 310 916 restitueritis,
325 850 471 931 Dominus
483 852 666 908 exercituum
679 865 785 907 nomen
795 856 836 908 est
847 850 905 906 illi.
995 848 1068 907 vitto
1085 865 1197 910 aurea:
1215 859 1242 910 et
1257 857 1426 910 conteratur
1446 851 1523 910 idria
1540 867 1630 925 super
1651 849 1777 924 iontem,
1800 861 1830 916 et

145 939 258 996 iurabit
268 939 411 996 Dominus
420 939 601 996 exercituum
614 954 668 1012 per
682 938 817 996 animam
830 953 917 995 suem
931 953 939 995 ε
994 937 1200 1012 confringatur
1218 946 1284 999 rota
1303 957 1394 1015 super
1407 941 1547 998 cisterna.

18 1068 19 1075 .
107 1029 255 1104 quonlam
267 1026 390 1100 replebo
401 1030 429 1084 te
441 1027 617 1084 bominibus
628 1027 716 1101 quasi
727 1028 821 1085 bruco
835 1042 842 1083 :
854 1031 884 1084 et
892 1043 940 1084 eu-

107 1135 160 1192 per
180 1122 207 1176 te
222 1116 358 1175 celeuma
373 1117 550 1176 cantabitur.

142 1208 199 1276 Qui
217 1206 284 1265 tacit
298 1211 407 1265 terram
421 1206 453 1264 in
480 1206 652 1265 tortitudine
674 1223 740 1274 sua,
766 1205 939 1281 preparabit

103 1294 211 1353 orbem
224 1294 256 1352 in
270 1294 415 1366 sapientia
430 1310 485 1351 sue
502 1310 509 1349 :
525 1298 554 1351 et
569 1293 729 1366 prudentia
741 1308 797 1351 sua
806 1291 938 1351 extendit

101 1383 193 1440 oelos.

138 1473 233 1528 Dante
265 1485 302 1527 eo
339 1484 447 1528 vocem
461 1488 469 1525 z
484 1469 765 1544 multiplicabuntur
800 1483 880 1543 aque
903 1467 934 1525 in

104 1560 181 1617 celo.

141 1649 198 1716 Qui
208 1646 392 1704 lebatnubee
401 1646 440 1704 ab
453 1649 587 1704 extrema
596 1651 671 1705 terre
683 1665 692 1702 :
702 1645 861 1718 lnlgursin
869 1645 935 1720 plu·

102 1735 189 1795 biam
203 1736 281 1794 tecit.

140 1822 935 1898 Quiproducitventosdetesaurissuie:stultustactns

101 1918 147 1970 est
161 1914 261 1971 omnis
276 1914 369 1971 homo
381 1913 421 1970 ab
434 1912 558 1970 scientie
574 1929 640 1970 eun.

137 2002 345 2058 coniurasset
361 2001 462 2058 omnis
484 2000 629 2058 contlator
642 2002 673 2058 in
695 2000 845 2074 sculptili:
861 1999 934 2074 quia

101 2088 234 2146 mendax
246 2089 386 2146 conflatio
400 2089 464 2146 eius
479 2104 533 2146 nec
548 2093 595 2146 est
607 2089 727 2162 spiritus
739 2089 771 2146 in
789 2090 841 2146 eis.

137 2181 222 2235 vana
235 2177 391 2235 suntenim
401 2193 495 2251 opera
507 2181 536 2234 ct
545 2177 617 2234 risui
631 2176 724 2248 digna
737 2178 932 2251 :intempore

100 2265 280 2324 visitationis
293 2281 347 2323 sue
362 2266 511 2338 peribunt.

136 2357 203 2412 Non
216 2356 293 2412 sicut
306 2353 362 2411 bec
380 2370 451 2429 pars
464 2354 557 2413 Jacob
572 2371 580 2411 ε
594 2355 666 2429 quia
680 2353 732 2428 qui
745 2354 814 2412 lecit
827 2354 932 2412 omnia

101 2441 165 2516 lpse
180 2448 225 2501 est
239 2443 318 2500 Deus
333 2461 341 2500 ι
357 2447 386 2501 ct
398 2443 502 2502 srahel
520 2448 671 2516 sceptrum
685 2442 743 2517 [nc]
757 2441 930 2500 hereditatis

101 2532 174 2598 eius,
189 2532 334 2590 Dominus
346 2532 531 2589 exercituum
543 2548 654 2589 nomen
667 2537 712 2588 est
723 2530 775 2588 illi

465 2622 563 2678 lxliv.

330 2724 468 2768 mucore
482 2724 696 2767 nccusrasrrcr.

366 2798 510 2869 Capitate
530 2801 558 2854 tl
577 2805 606 2855 et
623 2801 665 2853 le.

135 2881 169 2965 R
192 2887 340 2946 cxlillltll.
355 2889 377 2944 Α
392 2886 501 2958 vigilie.

134 2977 236 3034 letare
243 2975 361 3033 iubenis
370 2975 402 3033 in
414 2974 620 3033 adolescentia
628 2977 680 3032 tua
694 2988 700 3030 ε
716 2976 745 3030 et
754 2971 783 3030 in
794 2970 928 3031 bonissit

97 3079 150 3123 cor
165 3070 252 3123 tuum
264 3065 295 3123 in
304 3065 411 3123 diebm
424 3063 588 3122 iubentutis
606 3067 666 3121 tue.

131 3153 327 3211 Etambulain
334 3153 497 3210 viiscordis
504 3151 549 3208 tui
559 3151 626 3209 etin
635 3150 742 3209 intuitu
751 3150 927 3209 occulorum

95 3248 216 3301 tuorum
231 3259 237 3299 :
254 3242 367 3301 etscito
378 3242 463 3316 quod
476 3255 532 3316 pro
543 3239 591 3297 his
601 3239 743 3298 omnibus
752 3238 882 3297 adducet
899 3244 926 3296 te

95 3332 173 3388 Deus
187 3331 220 3389 in
235 3330 370 3390 indusio.

130 3419 222 3477 auter
235 3420 311 3476 iram
326 3417 446 3476 acorde
468 3422 530 3486 tuo,
557 3422 585 3475 et
610 3416 716 3475 amobe
741 3415 926 3474 malitiama

93 3523 187 3567 omne
211 3511 263 3566 tua
276 3524 284 3564 ε
299 3505 502 3565 adulescentia
524 3505 605 3564 enim
632 3510 662 3563 et
684 3504 823 3579 voluptas
849 3518 925 3561 vane

95 3602 177 3656 sunt

130 3686 278 3743 birmento
289 3683 486 3743 Creatorietui
503 3702 510 3739 :
525 3683 558 3740 in
572 3682 679 3741 diebus
689 3681 852 3740 iubentutis
864 3684 923 3738 tue

128 3777 301 3848 Antequam
315 3774 413 3831 veniet
422 3778 541 3848 tempus
550 3769 926 3845 afflictionisetedprnpin·

92 3866 189 3937 quent
202 3864 275 3921 anni
294 3862 330 3919 de
348 3862 459 3937 qulbus
478 3862 561 3918 dicas
573 3876 635 3918 non
651 3861 721 3918 mici
730 3859 861 3935 placent.

128 3957 299 4026 Antequam
315 3950 500 4008 tenebrescat
515 3950 569 4016 eol,
584 3950 738 4015 etlumen,
758 3954 786 4007 et
800 3949 883 4018 luna,
895 3950 925 4003 ct

92 4040 175 4098 stelle
191 4058 199 4097 ε
216 4045 245 4097 et
257 4044 423 4097 revertatur
436 4039 533 4096 nubes
551 4042 619 4111 post
634 4038 781 4111 plubiam.

127 4128 536 4196 Quandooommorebuntnr
544 4125 684 4183 custodes
694 4126 849 4193 domus‚et
859 4140 924 4180 mu-

1029 1029 1063 1084 Et
1075 1032 1238 1086 revertatur
1252 1029 1353 1102 pulbis
1369 1030 1401 1088 in
1416 1035 1525 1088 terrm
1537 1043 1625 1086 suam
1645 1029 1726 1088 unde
1738 1033 1824 1089 eret:

991 1119 1021 1172 et
1030 1115 1150 1188 spiritus
1164 1117 1268 1176 redeat
1281 1118 1322 1177 ad
1339 1118 1435 1178 Deum
1447 1117 1500 1191 qui
1511 1114 1592 1175 dedit
1606 1115 1701 1175 illum.

1347 1242 1460 1298 thllvl.

1221 1359 1357 1405 cenricus
1377 1363 1410 1404 ne
1424 1361 1505 1404 erano
1518 1360 1576 1404 roe.

1311 1455 1452 1526 capituto
1472 1456 1515 1512 tt.

1024 1539 1174 1642 {exuri
1191 1559 1345 1619 audium.

1024 1649 1177 1706 Scioenim
1189 1649 1273 1722 quod
1280 1650 1430 1706 redemtor
1439 1645 1603 1706 meusvivit
1616 1661 1624 1703 t
1636 1648 1665 1705 et
1674 1644 1705 1704 in
1714 1644 1816 1704 nobis·

953 1753 974 1809 p
988 1735 1065 1792 simo
1079 1737 1114 1793 dc
1130 1741 1208 1794 terre
1219 1742 1405 1796 surrecturus
1419 1751 1497 1794 sum.

1024 1823 1463 1898 Etrursuscircumdaborpclle
1473 1838 1541 1882 mea
1553 1836 1559 1880 :
1571 1821 1638 1882 etin
1646 1837 1736 1881 cerne
1745 1836 1815 1882 mea

987 1914 1097 1972 videbo
1114 1918 1206 1972 ileum
1219 1930 1310 1988 quem
1324 1915 1444 1971 visurus
1454 1928 1533 1971 sum.

1022 2006 1082 2073 Ego
1096 2004 1170 2078 ipse,
1188 2009 1217 2062 et
1230 2005 1377 2063 oculimei
1392 2001 1579 2076 conspecturi
1592 2003 1665 2060 eunt
1680 2017 1687 2060 ι
1704 2004 1734 2060 et
1750 2014 1813 2060 non

986 2095 1031 2149 est
1045 2092 1133 2152 elius.

1021 2181 1161 2254 Reposita
1175 2184 1219 2238 est
1232 2180 1287 2237 hec
1296 2197 1365 2256 spes
1377 2195 1446 2238 mea
1458 2179 1489 2237 in
1500 2177 1570 2236 sinu
1587 2193 1674 2237 meo:
1690 2176 1810 2236 ethere·

985 2268 1064 2327 ditas
1076 2285 1144 2328 mea
1157 2269 1190 2327 in
1203 2271 1263 2328 lieo
1274 2285 1354 2327 meo.

1336 2376 1457 2434 bllllvll.

1232 2497 1368 2539 clericus
1385 2494 1561 2538 leuceoron.

1222 2604 1256 2644 ne
1268 2601 1434 2644 aestuasse
1447 2601 1564 2643 caeresi.

1018 2710 1116 2769 Gloria
1128 2711 1160 2768 in
1174 2709 1300 2768 excelsis
1317 2711 1390 2767 lleo.

1017 2801 1092 2857 Elin
1111 2804 1188 2858 terra
1203 2813 1263 2872 pex
1280 2795 1455 2854 bominibus
1472 2794 1552 2853 bone
1562 2793 1735 2853 retractatis.

1018 2889 1190 2946 Laudamus
1202 2892 1241 2946 te.

1018 2977 1225 3034 benedicimus
1243 2979 1283 3034 te.

1016 3065 1185 3123 adoramus
1196 3068 1234 3123 te.

1016 3154 1271 3213 Gloriticamuete.

1015 3246 1145 3301 Ymnum
1160 3242 1286 3301 dicimus
1298 3240 1364 3299 tibi.

1015 3326 1805 3404 Gratiastibiagimua:proptergloriamtuammagnsm.

1015 3421 1140 3477 Domine
1156 3419 1231 3476 Deus
1247 3436 1254 3474 ε
1271 3421 1331 3475 ilex
1346 3415 1471 3474 celestis.

1014 3510 1092 3566 Deus
1107 3512 1192 3582 pater
1213 3505 1414 3579 omnipotens.

1014 3598 1140 3656 Domine
1150 3594 1202 3653 Fili
1215 3592 1376 3667 unigenite.

1013 3688 1082 3742 lesu
1095 3684 1206 3742 Christe
1220 3680 1378 3741 altissime.

1015 3764 1141 3821 Domine
1161 3765 1248 3820 Deus.

1013 3858 1118 3925 Agnus
1131 3851 1208 3941 liei..

1014 3940 1103 3998 Filius
1115 3938 1221 3997 Petris.

1013 4029 1069 4096 Qui
1087 4027 1165 4086 tollis
1179 4028 1301 4100 peecata
1319 4021 1424 4081 mundi
1439 4040 1446 4076 z
1461 4022 1601 4079 miserere
1616 4016 1716 4077 nobis.

1013 4120 1068 4186 Qui
1077 4112 1412 4189 tollispsccatemundi:
1429 4110 1548 4184 suscipe
1559 4105 1804 4185 deprecationem

89 4217 240 4275 tabnntm
252 4217 308 4273 riri
324 4215 477 4273 fortissimi
492 4232 499 4271 :
516 4219 543 4273 et
556 4214 650 4272 otiose
672 4216 759 4271 erunt
776 4213 922 4270 molentes
976 4212 1124 4265 nostram.

89 4305 122 4363 in
135 4307 254 4363 minuto
267 4320 405 4362 numero.

126 4391 738 4466 Ettenebrescentridcntesperforamina,
748 4395 777 4449 ct
784 4390 923 4448 claudent

89 4482 170 4541 ostia
183 4483 216 4540 in
234 4481 333 4555 platea
345 4499 352 4538 2
364 4481 395 4539 in
408 4481 553 4539 umllitate
568 4480 651 4537 nocis
663 4479 813 4537 molentis.

125 4576 161 4630 lit
173 4574 356 4643 consurgent
365 4570 405 4629 ad
417 4570 659 4629 vocemvolucris
670 4575 699 4627 et
710 4568 922 4628 obsurdescent

88 4676 198 4719 omues
211 4660 272 4717 iilic
287 4659 439 4719 carminis.

124 4747 378 4824 Excelsaquoque
388 4747 538 4806 timebunt
554 4744 851 4805 :attermidabnntin
861 4744 919 4801 via.

1012 4295 1067 4361 oui
1081 4294 1167 4352 sedes
1182 4292 1221 4351 ad
1235 4292 1389 4349 dexbram
1405 4309 1411 4351 :
1429 4288 1568 4347 miserere
1587 4284 1686 4344 nobie.

1011 4385 1159 4453 Quoniam
1168 4386 1201 4441 tu
1215 4380 1296 4440 eolus
1309 4382 1445 4437 sanctus.

1010 4478 1054 4532 lu
1068 4472 1150 4531 eolus
1166 4472 1321 4529 Dominus.

1009 4561 1148 4620 l'u'eolus
1168 4559 1338 4619 altissimus.

1010 4656 1076 4709 lesu
1088 4650 1210 4709 Christe.

1011 4743 1086 4798 Cum
1102 4742 1206 4797 sancto
1221 4736 1328 4811 Spiritu
1344 4751 1351 4791 ε
1366 4733 1499 4806 inglorie
1513 4730 1563 4791 Dei
1577 4728 1681 4788 Patris.
1691 4730 1799 4786 Amen.

85 4904 1793 4977 ω

332 5094 597 5251 littlllll
642 5095 772 5249 llll
815 5094 886 5247 ll
930 5093 1068 5247 ltlt
1116 5087 1339 5247 ttttllt
1390 5082 1510 5239 llll

266 5392 490 5468 [austrolenus
513 5393 682 5450 Ymnorum.

84 5484 228 5543 liracule
240 5484 375 5557 primeva
390 5497 553 5555 ymnorum
567 5480 691 5539 modula
701 5481 783 5539 olera

85 5572 229 5647 Anaetica
241 5576 443 5646 promserunt,
454 5575 597 5628 nascente
609 5570 744 5636 Domino,
759 5584 815 5632 ora

84 5662 228 5728 rusum
238 5659 345 5738 mucis
356 5658 459 5723 intma
470 5658 576 5720 celitus
590 5655 672 5719 dona

969 5388 1143 5445 lteeumeret
1154 5384 1282 5442 terrestri
1296 5386 1452 5457 pastorum
1466 5378 1530 5439 acie
1543 5376 1621 5435 viee.

969 5479 1003 5534 ln
1016 5474 1108 5533 veteri
1120 5472 1182 5531 iam
1193 5472 1488 5546 quidemymnorum
1500 5460 1798 5539 remoraremur

1524 5551 1695 5631 refulserat]
1710 5552 1796 5614 ordo.

969 5658 1045 5716 cum
1058 5652 1150 5715 trium
1162 5666 1217 5712 ors
1226 5650 1374 5717 iubenum
1387 5644 1518 5713 fornacis
1529 5644 1600 5729 igne
1611 5640 1731 5709 devicto
