<?xml version="1.0" encoding="UTF-8"?>
<!DOCTYPE html PUBLIC "-//W3C//DTD XHTML 1.0 Transitional//EN"
    "http://www.w3.org/TR/xhtml1/DTD/xhtml1-transitional.dtd">
<html xmlns="http://www.w3.org/1999/xhtml" xml:lang="en" lang="en">
 <head>
  <title>
</title>
<meta http-equiv="Content-Type" content="text/html;charset=utf-8" />
  <meta name='ocr-system' content='tesseract 3.04.00' />
  <meta name='ocr-capabilities' content='ocr_page ocr_carea ocr_par ocr_line ocrx_word'/>
</head>
<body>
  <div class='ocr_page' id='page_1' title='image "./patrologiaecurs129unkngoog_0178.png"; bbox 0 0 4117 6175; ppageno 0'>
   <div class='ocr_carea' id='block_1_1' title="bbox 189 224 1965 365">
    <p class='ocr_par' dir='ltr' id='par_1_1' title="bbox 189 224 1965 365">
     <span class='ocr_line' id='line_1_1' title="bbox 189 224 1965 365; baseline -0.005 -19"><span class='ocrx_word' id='word_1_1' title='bbox 189 292 192 295; x_wconf 45' lang='lat'><strong>⁴</strong></span> <span class='ocrx_word' id='word_1_2' title='bbox 230 284 312 365; x_wconf 38' lang='lat' dir='ltr'><strong>‚aas</strong></span> <span class='ocrx_word' id='word_1_3' title='bbox 867 264 1114 339; x_wconf 69' lang='lat' dir='ltr'><strong>&#39;emanarunt</strong></span> <span class='ocrx_word' id='word_1_4' title='bbox 1132 267 1331 339; x_wconf 74' lang='lat' dir='ltr'><strong>maerenti.</strong></span> <span class='ocrx_word' id='word_1_5' title='bbox 1846 224 1852 227; x_wconf 29' lang='lat'>⁸</span> <span class='ocrx_word' id='word_1_6' title='bbox 1911 278 1965 337; x_wconf 81' lang='lat' dir='ltr'><strong>ass</strong></span> 
     </span>
    </p>
   </div>
   <div class='ocr_carea' id='block_1_2' title="bbox 242 396 1971 5604">
    <p class='ocr_par' dir='ltr' id='par_1_2' title="bbox 256 396 1963 483">
     <span class='ocr_line' id='line_1_2' title="bbox 256 396 1963 483; baseline -0.004 -14"><span class='ocrx_word' id='word_1_7' title='bbox 256 410 353 470; x_wconf 84' lang='lat' dir='ltr'><strong>herba</strong></span> <span class='ocrx_word' id='word_1_8' title='bbox 369 408 512 483; x_wconf 74' lang='lat' dir='ltr'><strong>gregibus</strong></span> <span class='ocrx_word' id='word_1_9' title='bbox 532 421 688 465; x_wconf 78' lang='lat' dir='ltr'><strong>serrorum</strong></span> <span class='ocrx_word' id='word_1_10' title='bbox 702 408 834 478; x_wconf 89' lang='lat' dir='ltr'><strong>tucrum,</strong></span> <span class='ocrx_word' id='word_1_11' title='bbox 857 407 1081 479; x_wconf 86' lang='lat' dir='ltr'><strong>ingravescente</strong></span> <span class='ocrx_word' id='word_1_12' title='bbox 1096 406 1121 461; x_wconf 78' lang='grc' dir='ltr'><strong>Α</strong></span> <span class='ocrx_word' id='word_1_13' title='bbox 1171 407 1203 461; x_wconf 92' lang='lat' dir='ltr'><strong>ln</strong></span> <span class='ocrx_word' id='word_1_14' title='bbox 1217 403 1274 461; x_wconf 91' lang='lat' dir='ltr'><strong>illis</strong></span> <span class='ocrx_word' id='word_1_15' title='bbox 1286 402 1393 461; x_wconf 88' lang='lat' dir='ltr'><strong>diebus</strong></span> <span class='ocrx_word' id='word_1_16' title='bbox 1405 420 1411 459; x_wconf 91' lang='lat'><strong>:</strong></span> <span class='ocrx_word' id='word_1_17' title='bbox 1422 404 1506 462; x_wconf 85' lang='lat' dir='ltr'><strong>Venit</strong></span> <span class='ocrx_word' id='word_1_18' title='bbox 1518 404 1624 461; x_wconf 90' lang='lat' dir='ltr'><strong>cuneta</strong></span> <span class='ocrx_word' id='word_1_19' title='bbox 1633 396 1963 478; x_wconf 76' lang='lat' dir='ltr'><strong>AEgyptusadtoseph,</strong></span> 
     </span>
    </p>

    <p class='ocr_par' dir='ltr' id='par_1_3' title="bbox 257 492 1962 570">
     <span class='ocr_line' id='line_1_3' title="bbox 257 492 1962 570; baseline -0.004 -12"><span class='ocrx_word' id='word_1_20' title='bbox 257 500 338 558; x_wconf 83' lang='lat' dir='ltr'><strong>tame</strong></span> <span class='ocrx_word' id='word_1_21' title='bbox 357 499 388 557; x_wconf 89' lang='lat' dir='ltr'><strong>in</strong></span> <span class='ocrx_word' id='word_1_22' title='bbox 402 503 480 557; x_wconf 90' lang='lat' dir='ltr'><strong>terra</strong></span> <span class='ocrx_word' id='word_1_23' title='bbox 496 496 651 561; x_wconf 78' lang='lat' dir='ltr'><strong>Chanran,</strong></span> <span class='ocrx_word' id='word_1_24' title='bbox 665 495 858 570; x_wconf 77' lang='lat' dir='ltr'><strong>petimusque</strong></span> <span class='ocrx_word' id='word_1_25' title='bbox 879 501 912 553; x_wconf 93' lang='lat' dir='ltr'><strong>ut</strong></span> <span class='ocrx_word' id='word_1_26' title='bbox 936 511 1003 552; x_wconf 90' lang='lat' dir='ltr'><strong>esse</strong></span> <span class='ocrx_word' id='word_1_27' title='bbox 1025 508 1082 550; x_wconf 87' lang='lat' dir='ltr'><strong>nos</strong></span> <span class='ocrx_word' id='word_1_28' title='bbox 1136 492 1238 550; x_wconf 88' lang='lat' dir='ltr'><strong>dicens</strong></span> <span class='ocrx_word' id='word_1_29' title='bbox 1252 496 1308 553; x_wconf 84' lang='lat' dir='ltr'><strong>:lla</strong></span> <span class='ocrx_word' id='word_1_30' title='bbox 1321 494 1409 550; x_wconf 88' lang='lat' dir='ltr'><strong>nobis</strong></span> <span class='ocrx_word' id='word_1_31' title='bbox 1420 510 1514 567; x_wconf 88' lang='lat' dir='ltr'><strong>penes</strong></span> <span class='ocrx_word' id='word_1_32' title='bbox 1531 493 1908 567; x_wconf 85' lang='lat' dir='ltr'><strong>:queremorimurccram</strong></span> <span class='ocrx_word' id='word_1_33' title='bbox 1924 498 1962 566; x_wconf 90' lang='lat' dir='ltr'><strong>te,</strong></span> 
     </span>
    </p>

    <p class='ocr_par' dir='ltr' id='par_1_4' title="bbox 256 580 1963 748">
     <span class='ocr_line' id='line_1_4' title="bbox 256 580 1963 661; baseline -0.004 -14"><span class='ocrx_word' id='word_1_34' title='bbox 256 588 365 661; x_wconf 86' lang='lat' dir='ltr'><strong>jubeas</strong></span> <span class='ocrx_word' id='word_1_35' title='bbox 380 601 481 643; x_wconf 79' lang='lat' dir='ltr'><strong>servos</strong></span> <span class='ocrx_word' id='word_1_36' title='bbox 490 590 558 642; x_wconf 88' lang='lat' dir='ltr'><strong>tuos</strong></span> <span class='ocrx_word' id='word_1_37' title='bbox 572 602 601 641; x_wconf 89' lang='lat' dir='ltr'><strong>ut</strong></span> <span class='ocrx_word' id='word_1_38' title='bbox 613 590 693 641; x_wconf 89' lang='lat' dir='ltr'><strong>terra</strong></span> <span class='ocrx_word' id='word_1_39' title='bbox 703 587 823 642; x_wconf 84' lang='lat' dir='ltr'><strong>(iesscu.</strong></span> <span class='ocrx_word' id='word_1_40' title='bbox 838 585 1083 657; x_wconf 82' lang='lat' dir='ltr'><strong>Dixititaquerex</strong></span> <span class='ocrx_word' id='word_1_41' title='bbox 1136 580 1290 639; x_wconf 89' lang='lat' dir='ltr'><strong>deficiente</strong></span> <span class='ocrx_word' id='word_1_42' title='bbox 1296 582 1563 655; x_wconf 74' lang='lat' dir='ltr'><strong>pecunieiouihus</strong></span> <span class='ocrx_word' id='word_1_43' title='bbox 1574 580 1621 637; x_wconf 93' lang='lat' dir='ltr'><strong>ille</strong></span> <span class='ocrx_word' id='word_1_44' title='bbox 1628 580 1785 655; x_wconf 90' lang='lat' dir='ltr'><strong>respoudit</strong></span> <span class='ocrx_word' id='word_1_45' title='bbox 1799 580 1963 640; x_wconf 78' lang='lat' dir='ltr'><strong>:Adducitc</strong></span> 
     </span>
     <span class='ocr_line' id='line_1_5' title="bbox 258 669 1963 748; baseline -0.005 -13"><span class='ocrx_word' id='word_1_46' title='bbox 258 678 298 735; x_wconf 90' lang='lat' dir='ltr'><strong>ad</strong></span> <span class='ocrx_word' id='word_1_47' title='bbox 310 674 420 748; x_wconf 86' lang='lat' dir='ltr'><strong>loseph</strong></span> <span class='ocrx_word' id='word_1_48' title='bbox 435 692 443 728; x_wconf 76' lang='lat' dir='ltr'><strong><em>z</em></strong></span> <span class='ocrx_word' id='word_1_49' title='bbox 457 674 544 731; x_wconf 89' lang='lat' dir='ltr'><strong>Pater</strong></span> <span class='ocrx_word' id='word_1_50' title='bbox 562 678 631 730; x_wconf 87' lang='lat' dir='ltr'><strong>tuus</strong></span> <span class='ocrx_word' id='word_1_51' title='bbox 650 680 679 729; x_wconf 91' lang='lat' dir='ltr'><strong>et</strong></span> <span class='ocrx_word' id='word_1_52' title='bbox 699 673 805 731; x_wconf 90' lang='lat' dir='ltr'><strong>iratres</strong></span> <span class='ocrx_word' id='word_1_53' title='bbox 820 678 965 731; x_wconf 88' lang='lat' dir='ltr'><strong>venerunt</strong></span> <span class='ocrx_word' id='word_1_54' title='bbox 985 671 1023 728; x_wconf 93' lang='lat' dir='ltr'><strong>ad</strong></span> <span class='ocrx_word' id='word_1_55' title='bbox 1044 676 1080 728; x_wconf 91' lang='lat' dir='ltr'><strong>te.</strong></span> <span class='ocrx_word' id='word_1_56' title='bbox 1136 684 1245 741; x_wconf 88' lang='lat' dir='ltr'><strong>pecora</strong></span> <span class='ocrx_word' id='word_1_57' title='bbox 1256 676 1363 737; x_wconf 91' lang='lat' dir='ltr'><strong>vestra,</strong></span> <span class='ocrx_word' id='word_1_58' title='bbox 1379 676 1408 727; x_wconf 92' lang='lat' dir='ltr'><strong>et</strong></span> <span class='ocrx_word' id='word_1_59' title='bbox 1420 671 1500 728; x_wconf 90' lang='lat' dir='ltr'><strong>dabo</strong></span> <span class='ocrx_word' id='word_1_60' title='bbox 1513 671 1600 728; x_wconf 85' lang='lat' dir='ltr'><strong>vobis</strong></span> <span class='ocrx_word' id='word_1_61' title='bbox 1613 686 1668 743; x_wconf 91' lang='lat' dir='ltr'><strong>pro</strong></span> <span class='ocrx_word' id='word_1_62' title='bbox 1683 669 1827 733; x_wconf 88' lang='lat' dir='ltr'><strong>ciscibcs,</strong></span> <span class='ocrx_word' id='word_1_63' title='bbox 1852 670 1875 725; x_wconf 90' lang='lat' dir='ltr'><strong>si</strong></span> <span class='ocrx_word' id='word_1_64' title='bbox 1897 686 1963 742; x_wconf 88' lang='lat' dir='ltr'><strong>pre-</strong></span> 
     </span>
    </p>

    <p class='ocr_par' dir='ltr' id='par_1_5' title="bbox 256 756 1962 837">
     <span class='ocr_line' id='line_1_6' title="bbox 256 756 1962 837; baseline -0.005 -14"><span class='ocrx_word' id='word_1_65' title='bbox 256 768 344 823; x_wconf 84' lang='lat' dir='ltr'><strong>Terra</strong></span> <span class='ocrx_word' id='word_1_66' title='bbox 357 763 519 837; x_wconf 79' lang='lat' dir='ltr'><strong>AEgyptiin</strong></span> <span class='ocrx_word' id='word_1_67' title='bbox 533 767 695 834; x_wconf 88' lang='lat' dir='ltr'><strong>conspectu</strong></span> <span class='ocrx_word' id='word_1_68' title='bbox 708 766 760 819; x_wconf 91' lang='lat' dir='ltr'><strong>tuo</strong></span> <span class='ocrx_word' id='word_1_69' title='bbox 771 768 816 819; x_wconf 89' lang='lat' dir='ltr'><strong>est</strong></span> <span class='ocrx_word' id='word_1_70' title='bbox 829 780 836 819; x_wconf 92' lang='lat'><strong>:</strong></span> <span class='ocrx_word' id='word_1_71' title='bbox 847 763 878 820; x_wconf 91' lang='lat' dir='ltr'><strong>ia</strong></span> <span class='ocrx_word' id='word_1_72' title='bbox 891 763 1005 835; x_wconf 92' lang='lat' dir='ltr'><strong>optimo</strong></span> <span class='ocrx_word' id='word_1_73' title='bbox 1015 761 1082 818; x_wconf 89' lang='lat' dir='ltr'><strong>loco</strong></span> <span class='ocrx_word' id='word_1_74' title='bbox 1136 757 1210 814; x_wconf 93' lang='lat' dir='ltr'><strong>tium</strong></span> <span class='ocrx_word' id='word_1_75' title='bbox 1225 774 1285 814; x_wconf 91' lang='lat' dir='ltr'><strong>non</strong></span> <span class='ocrx_word' id='word_1_76' title='bbox 1300 759 1427 816; x_wconf 84' lang='lat' dir='ltr'><strong>habetis.</strong></span> <span class='ocrx_word' id='word_1_77' title='bbox 1441 760 1512 825; x_wconf 76' lang='lat' dir='ltr'><strong>Qus</strong></span> <span class='ocrx_word' id='word_1_78' title='bbox 1527 758 1810 825; x_wconf 86' lang='lat' dir='ltr'><strong>cumadduxisseut,</strong></span> <span class='ocrx_word' id='word_1_79' title='bbox 1824 756 1908 815; x_wconf 81' lang='lat' dir='ltr'>dedit</span> <span class='ocrx_word' id='word_1_80' title='bbox 1920 761 1962 816; x_wconf 91' lang='lat' dir='ltr'><strong>eis</strong></span> 
     </span>
    </p>

    <p class='ocr_par' dir='ltr' id='par_1_6' title="bbox 255 845 1961 921">
     <span class='ocr_line' id='line_1_7' title="bbox 255 845 1961 921; baseline -0.004 -10"><span class='ocrx_word' id='word_1_81' title='bbox 255 851 445 911; x_wconf 85' lang='lat' dir='ltr'><strong>lachahitarc</strong></span> <span class='ocrx_word' id='word_1_82' title='bbox 460 866 521 918; x_wconf 90' lang='lat' dir='ltr'><strong>ecs,</strong></span> <span class='ocrx_word' id='word_1_83' title='bbox 537 857 566 907; x_wconf 92' lang='lat' dir='ltr'><strong>et</strong></span> <span class='ocrx_word' id='word_1_84' title='bbox 580 851 663 908; x_wconf 88' lang='lat' dir='ltr'><strong>trade</strong></span> <span class='ocrx_word' id='word_1_85' title='bbox 678 851 722 907; x_wconf 90' lang='lat' dir='ltr'><strong>eis</strong></span> <span class='ocrx_word' id='word_1_86' title='bbox 741 856 850 909; x_wconf 88' lang='lat' dir='ltr'><strong>terram</strong></span> <span class='ocrx_word' id='word_1_87' title='bbox 863 853 985 909; x_wconf 82' lang='lat' dir='ltr'><strong>Gessen.</strong></span> <span class='ocrx_word' id='word_1_88' title='bbox 996 848 1083 917; x_wconf 82' lang='lat' dir='ltr'><strong>erod</strong></span> <span class='ocrx_word' id='word_1_89' title='bbox 1137 846 1279 905; x_wconf 86' lang='lat' dir='ltr'><strong>alimenta</strong></span> <span class='ocrx_word' id='word_1_90' title='bbox 1297 863 1352 921; x_wconf 91' lang='lat' dir='ltr'><strong>pro</strong></span> <span class='ocrx_word' id='word_1_91' title='bbox 1367 850 1465 920; x_wconf 85' lang='lat' dir='ltr'><strong>equis.</strong></span> <span class='ocrx_word' id='word_1_92' title='bbox 1484 848 1646 917; x_wconf 78' lang='lat' dir='ltr'><strong>aturribus,</strong></span> <span class='ocrx_word' id='word_1_93' title='bbox 1669 852 1697 904; x_wconf 92' lang='grc' dir='ltr'>οι</span> <span class='ocrx_word' id='word_1_94' title='bbox 1719 845 1826 913; x_wconf 90' lang='lat' dir='ltr'><strong>bobus,</strong></span> <span class='ocrx_word' id='word_1_95' title='bbox 1849 852 1879 903; x_wconf 93' lang='lat' dir='ltr'><strong>et</strong></span> <span class='ocrx_word' id='word_1_96' title='bbox 1899 848 1961 904; x_wconf 89' lang='lat' dir='ltr'><strong>asi-</strong></span> 
     </span>
    </p>

    <p class='ocr_par' dir='ltr' id='par_1_7' title="bbox 252 934 1971 2067">
     <span class='ocr_line' id='line_1_8' title="bbox 257 934 1961 1016; baseline -0.002 -19"><span class='ocrx_word' id='word_1_97' title='bbox 257 940 282 997; x_wconf 92' lang='lat' dir='ltr'><strong>si</strong></span> <span class='ocrx_word' id='word_1_98' title='bbox 299 939 379 997; x_wconf 88' lang='lat' dir='ltr'><strong>nosti</strong></span> <span class='ocrx_word' id='word_1_99' title='bbox 393 940 424 996; x_wconf 93' lang='lat' dir='ltr'><strong>in</strong></span> <span class='ocrx_word' id='word_1_100' title='bbox 439 938 482 996; x_wconf 87' lang='lat' dir='ltr'><strong>eis</strong></span> <span class='ocrx_word' id='word_1_101' title='bbox 497 953 562 995; x_wconf 90' lang='lat' dir='ltr'><strong>esse</strong></span> <span class='ocrx_word' id='word_1_102' title='bbox 580 939 659 996; x_wconf 84' lang='lat' dir='ltr'><strong>viros</strong></span> <span class='ocrx_word' id='word_1_103' title='bbox 673 939 846 1016; x_wconf 88' lang='lat' dir='ltr'><strong>industrios,</strong></span> <span class='ocrx_word' id='word_1_104' title='bbox 863 941 1009 997; x_wconf 86' lang='lat' dir='ltr'><strong>constitue</strong></span> <span class='ocrx_word' id='word_1_105' title='bbox 1030 954 1083 996; x_wconf 92' lang='lat' dir='ltr'><strong>eos</strong></span> <span class='ocrx_word' id='word_1_106' title='bbox 1136 934 1184 991; x_wconf 90' lang='lat' dir='ltr'><strong>nis</strong></span> <span class='ocrx_word' id='word_1_107' title='bbox 1200 953 1208 1003; x_wconf 74' lang='grc' dir='ltr'><strong>ς</strong></span> <span class='ocrx_word' id='word_1_108' title='bbox 1223 937 1457 1010; x_wconf 78' lang='lat' dir='ltr'><strong>sustentavitque</strong></span> <span class='ocrx_word' id='word_1_109' title='bbox 1476 952 1527 993; x_wconf 92' lang='lat' dir='ltr'><strong>eos</strong></span> <span class='ocrx_word' id='word_1_110' title='bbox 1546 936 1596 993; x_wconf 91' lang='lat' dir='ltr'><strong>illc</strong></span> <span class='ocrx_word' id='word_1_111' title='bbox 1623 950 1704 993; x_wconf 85' lang='lat' dir='ltr'><strong>anno</strong></span> <span class='ocrx_word' id='word_1_112' title='bbox 1720 950 1776 1009; x_wconf 92' lang='lat' dir='ltr'><strong>pro</strong></span> <span class='ocrx_word' id='word_1_113' title='bbox 1796 940 1961 993; x_wconf 88' lang='lat' dir='ltr'><strong>commuta·</strong></span> 
     </span>
     <span class='ocr_line' id='line_1_9' title="bbox 256 1021 1962 1100; baseline -0.002 -15"><span class='ocrx_word' id='word_1_114' title='bbox 256 1028 418 1100; x_wconf 87' lang='lat' dir='ltr'><strong>magistros</strong></span> <span class='ocrx_word' id='word_1_115' title='bbox 431 1041 576 1099; x_wconf 90' lang='lat' dir='ltr'><strong>pecorum</strong></span> <span class='ocrx_word' id='word_1_116' title='bbox 591 1041 738 1083; x_wconf 89' lang='lat' dir='ltr'><strong>meorum.</strong></span> <span class='ocrx_word' id='word_1_117' title='bbox 756 1028 901 1084; x_wconf 74' lang='lat' dir='ltr'><strong>Posthac</strong></span> <span class='ocrx_word' id='word_1_118' title='bbox 920 1026 1084 1084; x_wconf 80' lang='lat' dir='ltr'><strong>introduxit</strong></span> <span class='ocrx_word' id='word_1_119' title='bbox 1137 1021 1216 1078; x_wconf 86' lang='lat' dir='ltr'><strong>lione</strong></span> <span class='ocrx_word' id='word_1_120' title='bbox 1242 1038 1398 1096; x_wconf 89' lang='lat' dir='ltr'><strong>pecorum.</strong></span> <span class='ocrx_word' id='word_1_121' title='bbox 1430 1027 1636 1098; x_wconf 80' lang='lat' dir='ltr'><strong>veneruntque</strong></span> <span class='ocrx_word' id='word_1_122' title='bbox 1659 1039 1738 1080; x_wconf 92' lang='lat' dir='ltr'><strong>auno</strong></span> <span class='ocrx_word' id='word_1_123' title='bbox 1767 1023 1909 1095; x_wconf 90' lang='lat' dir='ltr'><strong>secundo,</strong></span> <span class='ocrx_word' id='word_1_124' title='bbox 1933 1028 1962 1081; x_wconf 88' lang='lat' dir='ltr'><strong>et</strong></span> 
     </span>
     <span class='ocr_line' id='line_1_10' title="bbox 255 1109 1962 1187; baseline -0.002 -15"><span class='ocrx_word' id='word_1_125' title='bbox 255 1114 1084 1187; x_wconf 80' lang='lat' dir='ltr'><strong>losephpatremsuumadRegem,etstetuitcumeoram</strong></span> <span class='ocrx_word' id='word_1_126' title='bbox 1137 1109 1276 1167; x_wconf 81' lang='lat' dir='ltr'><strong>dixerunt</strong></span> <span class='ocrx_word' id='word_1_127' title='bbox 1289 1112 1337 1167; x_wconf 90' lang='lat' dir='ltr'><strong>ei:</strong></span> <span class='ocrx_word' id='word_1_128' title='bbox 1356 1114 1419 1168; x_wconf 89' lang='lat' dir='ltr'><strong>Non</strong></span> <span class='ocrx_word' id='word_1_129' title='bbox 1432 1112 1598 1170; x_wconf 74' lang='lat' dir='ltr'><strong>celabimus</strong></span> <span class='ocrx_word' id='word_1_130' title='bbox 1614 1112 1737 1169; x_wconf 90' lang='lat' dir='ltr'><strong>dominc</strong></span> <span class='ocrx_word' id='word_1_131' title='bbox 1758 1118 1862 1169; x_wconf 90' lang='lat' dir='ltr'><strong>nostro</strong></span> <span class='ocrx_word' id='word_1_132' title='bbox 1878 1112 1962 1185; x_wconf 85' lang='lat' dir='ltr'><strong>quod</strong></span> 
     </span>
     <span class='ocr_line' id='line_1_11' title="bbox 257 1196 1963 1277; baseline -0.002 -17"><span class='ocrx_word' id='word_1_133' title='bbox 257 1217 293 1260; x_wconf 90' lang='lat' dir='ltr'><strong>eo</strong></span> <span class='ocrx_word' id='word_1_134' title='bbox 307 1218 314 1259; x_wconf 75' lang='grc' dir='ltr'><strong><em>ε</em></strong></span> <span class='ocrx_word' id='word_1_135' title='bbox 327 1204 381 1277; x_wconf 86' lang='lat' dir='ltr'><strong>qui</strong></span> <span class='ocrx_word' id='word_1_136' title='bbox 388 1202 568 1261; x_wconf 89' lang='lat' dir='ltr'><strong>benedicens</strong></span> <span class='ocrx_word' id='word_1_137' title='bbox 576 1203 627 1268; x_wconf 91' lang='lat' dir='ltr'><strong>illi,</strong></span> <span class='ocrx_word' id='word_1_138' title='bbox 637 1207 665 1260; x_wconf 92' lang='lat' dir='ltr'><strong>et</strong></span> <span class='ocrx_word' id='word_1_139' title='bbox 677 1203 879 1276; x_wconf 85' lang='lat' dir='ltr'><strong>interrogatus</strong></span> <span class='ocrx_word' id='word_1_140' title='bbox 890 1204 930 1263; x_wconf 86' lang='lat' dir='ltr'><strong>eb</strong></span> <span class='ocrx_word' id='word_1_141' title='bbox 940 1220 976 1262; x_wconf 92' lang='lat' dir='ltr'><strong>eo</strong></span> <span class='ocrx_word' id='word_1_142' title='bbox 987 1221 995 1260; x_wconf 72' lang='grc' dir='ltr'><em>τ</em></span> <span class='ocrx_word' id='word_1_143' title='bbox 1007 1205 1085 1270; x_wconf 84' lang='lat' dir='ltr'><strong>Quot</strong></span> <span class='ocrx_word' id='word_1_144' title='bbox 1138 1196 1291 1255; x_wconf 75' lang='lat' dir='ltr'><strong>deficiente</strong></span> <span class='ocrx_word' id='word_1_145' title='bbox 1306 1200 1445 1272; x_wconf 88' lang='lat' dir='ltr'><strong>pecunie,</strong></span> <span class='ocrx_word' id='word_1_146' title='bbox 1460 1216 1570 1273; x_wconf 87' lang='lat' dir='ltr'><strong>pecora</strong></span> <span class='ocrx_word' id='word_1_147' title='bbox 1589 1200 1677 1257; x_wconf 88' lang='lat' dir='ltr'><strong>simul</strong></span> <span class='ocrx_word' id='word_1_148' title='bbox 1696 1200 1866 1258; x_wconf 87' lang='lat' dir='ltr'><strong>deiecerunt</strong></span> <span class='ocrx_word' id='word_1_149' title='bbox 1886 1215 1963 1257; x_wconf 89' lang='lat' dir='ltr'><strong>:nec</strong></span> 
     </span>
     <span class='ocr_line' id='line_1_12' title="bbox 258 1286 1966 1365; baseline -0.001 -17"><span class='ocrx_word' id='word_1_150' title='bbox 258 1296 329 1348; x_wconf 91' lang='lat' dir='ltr'><strong>suut</strong></span> <span class='ocrx_word' id='word_1_151' title='bbox 354 1292 417 1348; x_wconf 89' lang='lat' dir='ltr'><strong>dies</strong></span> <span class='ocrx_word' id='word_1_152' title='bbox 445 1307 595 1349; x_wconf 89' lang='lat' dir='ltr'><strong>annorum</strong></span> <span class='ocrx_word' id='word_1_153' title='bbox 614 1291 683 1348; x_wconf 85' lang='lat' dir='ltr'><strong>vitea</strong></span> <span class='ocrx_word' id='word_1_154' title='bbox 705 1297 763 1348; x_wconf 84' lang='lat' dir='ltr'><strong>tuae</strong></span> <span class='ocrx_word' id='word_1_155' title='bbox 781 1294 796 1350; x_wconf 80' lang='lat' dir='ltr'><strong>t</strong></span> <span class='ocrx_word' id='word_1_156' title='bbox 817 1293 1002 1365; x_wconf 83' lang='lat' dir='ltr'><strong>Respondit:</strong></span> <span class='ocrx_word' id='word_1_157' title='bbox 1018 1292 1084 1349; x_wconf 83' lang='lat' dir='ltr'><strong>llies</strong></span> <span class='ocrx_word' id='word_1_158' title='bbox 1139 1286 1217 1344; x_wconf 83' lang='lat' dir='ltr'><strong>elam</strong></span> <span class='ocrx_word' id='word_1_159' title='bbox 1231 1292 1259 1345; x_wconf 89' lang='lat' dir='ltr'><strong>te</strong></span> <span class='ocrx_word' id='word_1_160' title='bbox 1271 1294 1324 1355; x_wconf 84' lang='lat' dir='ltr'><strong>est,</strong></span> <span class='ocrx_word' id='word_1_161' title='bbox 1338 1288 1454 1361; x_wconf 85' lang='lat' dir='ltr'><strong>absque</strong></span> <span class='ocrx_word' id='word_1_162' title='bbox 1468 1290 1626 1361; x_wconf 86' lang='lat' dir='ltr'><strong>pecoribus</strong></span> <span class='ocrx_word' id='word_1_163' title='bbox 1635 1294 1663 1345; x_wconf 90' lang='lat' dir='ltr'><strong>et</strong></span> <span class='ocrx_word' id='word_1_164' title='bbox 1673 1294 1750 1346; x_wconf 87' lang='lat' dir='ltr'><strong>terra</strong></span> <span class='ocrx_word' id='word_1_165' title='bbox 1766 1288 1840 1346; x_wconf 93' lang='lat' dir='ltr'><strong>nihil</strong></span> <span class='ocrx_word' id='word_1_166' title='bbox 1852 1288 1966 1347; x_wconf 86' lang='lat' dir='ltr'><strong>habea·</strong></span> 
     </span>
     <span class='ocr_line' id='line_1_13' title="bbox 256 1376 1967 1454; baseline -0.002 -17"><span class='ocrx_word' id='word_1_167' title='bbox 256 1379 505 1454; x_wconf 78' lang='lat' dir='ltr'><strong>peregrinationis</strong></span> <span class='ocrx_word' id='word_1_168' title='bbox 514 1380 582 1435; x_wconf 75' lang='lat' dir='ltr'><strong>vitae</strong></span> <span class='ocrx_word' id='word_1_169' title='bbox 590 1395 664 1435; x_wconf 79' lang='lat' dir='ltr'><strong>mese</strong></span> <span class='ocrx_word' id='word_1_170' title='bbox 677 1383 798 1436; x_wconf 91' lang='lat' dir='ltr'><strong>centum</strong></span> <span class='ocrx_word' id='word_1_171' title='bbox 808 1380 928 1450; x_wconf 88' lang='lat' dir='ltr'><strong>triginta</strong></span> <span class='ocrx_word' id='word_1_172' title='bbox 934 1394 1084 1437; x_wconf 89' lang='lat' dir='ltr'><strong>annorum</strong></span> <span class='ocrx_word' id='word_1_173' title='bbox 1138 1390 1216 1431; x_wconf 88' lang='lat' dir='ltr'><strong>mus.</strong></span> <span class='ocrx_word' id='word_1_174' title='bbox 1233 1377 1290 1432; x_wconf 88' lang='lat' dir='ltr'><strong>Cur</strong></span> <span class='ocrx_word' id='word_1_175' title='bbox 1303 1392 1374 1445; x_wconf 87' lang='lat' dir='ltr'><strong>ergo</strong></span> <span class='ocrx_word' id='word_1_176' title='bbox 1383 1378 1531 1433; x_wconf 91' lang='lat' dir='ltr'><strong>morimur</strong></span> <span class='ocrx_word' id='word_1_177' title='bbox 1541 1383 1569 1433; x_wconf 91' lang='lat' dir='ltr'><strong>te</strong></span> <span class='ocrx_word' id='word_1_178' title='bbox 1578 1376 1723 1434; x_wconf 77' lang='lat' dir='ltr'><strong>vidente?</strong></span> <span class='ocrx_word' id='word_1_179' title='bbox 1737 1382 1833 1434; x_wconf 91' lang='lat' dir='ltr'><strong>ctnos</strong></span> <span class='ocrx_word' id='word_1_180' title='bbox 1845 1381 1874 1434; x_wconf 92' lang='lat' dir='ltr'><strong>et</strong></span> <span class='ocrx_word' id='word_1_181' title='bbox 1885 1382 1967 1434; x_wconf 86' lang='lat' dir='ltr'><strong>terra</strong></span> 
     </span>
     <span class='ocr_line' id='line_1_14' title="bbox 256 1464 1967 1542; baseline 0.001 -20"><span class='ocrx_word' id='word_1_182' title='bbox 256 1472 335 1533; x_wconf 89' lang='lat' dir='ltr'><strong>suut,</strong></span> <span class='ocrx_word' id='word_1_183' title='bbox 356 1467 440 1540; x_wconf 86' lang='lat' dir='ltr'><strong>parvi</strong></span> <span class='ocrx_word' id='word_1_184' title='bbox 458 1471 488 1523; x_wconf 90' lang='lat' dir='ltr'><strong>et</strong></span> <span class='ocrx_word' id='word_1_185' title='bbox 501 1466 582 1533; x_wconf 89' lang='lat' dir='ltr'><strong>mali,</strong></span> <span class='ocrx_word' id='word_1_186' title='bbox 597 1472 625 1523; x_wconf 91' lang='lat' dir='ltr'><strong>ct</strong></span> <span class='ocrx_word' id='word_1_187' title='bbox 639 1482 700 1523; x_wconf 91' lang='lat' dir='ltr'><strong>non</strong></span> <span class='ocrx_word' id='word_1_188' title='bbox 715 1474 915 1540; x_wconf 89' lang='lat' dir='ltr'><strong>pervenerunt</strong></span> <span class='ocrx_word' id='word_1_189' title='bbox 928 1484 1024 1542; x_wconf 75' lang='lat' dir='ltr'><strong>usque</strong></span> <span class='ocrx_word' id='word_1_190' title='bbox 1044 1467 1084 1525; x_wconf 87' lang='lat' dir='ltr'><strong>ad</strong></span> <span class='ocrx_word' id='word_1_191' title='bbox 1137 1464 1295 1521; x_wconf 84' lang='lat' dir='ltr'><strong>nostratui</strong></span> <span class='ocrx_word' id='word_1_192' title='bbox 1310 1464 1421 1520; x_wconf 87' lang='lat' dir='ltr'><strong>erimus</strong></span> <span class='ocrx_word' id='word_1_193' title='bbox 1436 1482 1444 1519; x_wconf 75' lang='grc' dir='ltr'><em>τ</em></span> <span class='ocrx_word' id='word_1_194' title='bbox 1460 1480 1526 1520; x_wconf 92' lang='lat' dir='ltr'><strong>eme</strong></span> <span class='ocrx_word' id='word_1_195' title='bbox 1538 1480 1594 1521; x_wconf 90' lang='lat' dir='ltr'><strong>nos</strong></span> <span class='ocrx_word' id='word_1_196' title='bbox 1604 1464 1636 1521; x_wconf 92' lang='lat' dir='ltr'><strong>in</strong></span> <span class='ocrx_word' id='word_1_197' title='bbox 1649 1464 1820 1521; x_wconf 86' lang='lat' dir='ltr'><strong>servitutem</strong></span> <span class='ocrx_word' id='word_1_198' title='bbox 1835 1465 1967 1535; x_wconf 86' lang='lat' dir='ltr'><strong>regiam,</strong></span> 
     </span>
     <span class='ocr_line' id='line_1_15' title="bbox 255 1551 1971 1628; baseline -0.002 -16"><span class='ocrx_word' id='word_1_199' title='bbox 255 1554 320 1612; x_wconf 88' lang='lat' dir='ltr'><strong>dies</strong></span> <span class='ocrx_word' id='word_1_200' title='bbox 338 1559 459 1628; x_wconf 88' lang='lat' dir='ltr'><strong>patrum</strong></span> <span class='ocrx_word' id='word_1_201' title='bbox 473 1569 611 1612; x_wconf 87' lang='lat' dir='ltr'><strong>meorum</strong></span> <span class='ocrx_word' id='word_1_202' title='bbox 628 1554 740 1627; x_wconf 88' lang='lat' dir='ltr'><strong>quibus</strong></span> <span class='ocrx_word' id='word_1_203' title='bbox 753 1557 935 1628; x_wconf 90' lang='lat' dir='ltr'><strong>peregrinati</strong></span> <span class='ocrx_word' id='word_1_204' title='bbox 954 1560 1034 1613; x_wconf 88' lang='lat' dir='ltr'><strong>sunt.</strong></span> <span class='ocrx_word' id='word_1_205' title='bbox 1051 1554 1085 1613; x_wconf 85' lang='lat' dir='ltr'><strong>Et</strong></span> <span class='ocrx_word' id='word_1_206' title='bbox 1137 1556 1166 1610; x_wconf 88' lang='lat' dir='ltr'><strong>et</strong></span> <span class='ocrx_word' id='word_1_207' title='bbox 1178 1551 1278 1625; x_wconf 76' lang='lat' dir='ltr'><strong>praebe</strong></span> <span class='ocrx_word' id='word_1_208' title='bbox 1303 1552 1428 1619; x_wconf 91' lang='lat' dir='ltr'><strong>semina,</strong></span> <span class='ocrx_word' id='word_1_209' title='bbox 1449 1567 1487 1610; x_wconf 94' lang='lat' dir='ltr'><strong>ne</strong></span> <span class='ocrx_word' id='word_1_210' title='bbox 1504 1556 1647 1625; x_wconf 87' lang='lat' dir='ltr'><strong>pereunte</strong></span> <span class='ocrx_word' id='word_1_211' title='bbox 1673 1552 1784 1609; x_wconf 87' lang='lat' dir='ltr'><strong>cultore</strong></span> <span class='ocrx_word' id='word_1_212' title='bbox 1809 1552 1971 1623; x_wconf 87' lang='lat' dir='ltr'><strong>redigatur</strong></span> 
     </span>
     <span class='ocr_line' id='line_1_16' title="bbox 254 1639 1971 1717; baseline -0.002 -18"><span class='ocrx_word' id='word_1_213' title='bbox 254 1641 412 1699; x_wconf 90' lang='lat' dir='ltr'><strong>benedicto</strong></span> <span class='ocrx_word' id='word_1_214' title='bbox 437 1657 518 1713; x_wconf 91' lang='lat' dir='ltr'><strong>rege,</strong></span> <span class='ocrx_word' id='word_1_215' title='bbox 542 1656 683 1712; x_wconf 84' lang='lat' dir='ltr'><strong>egressus</strong></span> <span class='ocrx_word' id='word_1_216' title='bbox 705 1647 751 1699; x_wconf 90' lang='lat' dir='ltr'><strong>est</strong></span> <span class='ocrx_word' id='word_1_217' title='bbox 767 1641 859 1701; x_wconf 80' lang='lat' dir='ltr'><strong>ictas.</strong></span> <span class='ocrx_word' id='word_1_218' title='bbox 883 1646 995 1717; x_wconf 83' lang='lat' dir='ltr'><strong>loseph</strong></span> <span class='ocrx_word' id='word_1_219' title='bbox 1010 1660 1083 1701; x_wconf 81' lang='lat' dir='ltr'><strong>vero</strong></span> <span class='ocrx_word' id='word_1_220' title='bbox 1137 1639 1754 1714; x_wconf 81' lang='lat' dir='ltr'><strong>terreinsolitudinem.Emitigiturioseph</strong></span> <span class='ocrx_word' id='word_1_221' title='bbox 1770 1656 1893 1698; x_wconf 91' lang='lat' dir='ltr'><strong>omnem</strong></span> <span class='ocrx_word' id='word_1_222' title='bbox 1908 1644 1971 1697; x_wconf 92' lang='lat' dir='ltr'><strong>ter-</strong></span> 
     </span>
     <span class='ocr_line' id='line_1_17' title="bbox 254 1728 1969 1808; baseline -0.001 -21"><span class='ocrx_word' id='word_1_223' title='bbox 254 1728 942 1803; x_wconf 86' lang='lat' dir='ltr'><strong>patrietiratribussuisdeditpossessionemiu</strong></span> <span class='ocrx_word' id='word_1_224' title='bbox 951 1734 1082 1805; x_wconf 76' lang='lat' dir='ltr'><strong>AEgypto</strong></span> <span class='ocrx_word' id='word_1_225' title='bbox 1097 1752 1120 1808; x_wconf 79' lang='grc' dir='ltr'><strong>Β</strong></span> <span class='ocrx_word' id='word_1_226' title='bbox 1136 1728 1335 1802; x_wconf 81' lang='lat' dir='ltr'><strong>remAEgypti,</strong></span> <span class='ocrx_word' id='word_1_227' title='bbox 1346 1729 1542 1786; x_wconf 87' lang='lat' dir='ltr'><strong>vendentibus</strong></span> <span class='ocrx_word' id='word_1_228' title='bbox 1548 1728 1969 1803; x_wconf 83' lang='lat' dir='ltr'><strong>singtdispossessioneseuas</strong></span> 
     </span>
     <span class='ocr_line' id='line_1_18' title="bbox 255 1816 1968 1891; baseline -0.001 -16"><span class='ocrx_word' id='word_1_229' title='bbox 255 1816 1079 1891; x_wconf 78' lang='lat' dir='ltr'><strong>optimclocoterroe,itamesses,utpraeceperatPharao.</strong></span> <span class='ocrx_word' id='word_1_230' title='bbox 1135 1832 1197 1891; x_wconf 86' lang='lat' dir='ltr'><strong>pras</strong></span> <span class='ocrx_word' id='word_1_231' title='bbox 1209 1817 1415 1888; x_wconf 78' lang='lat' dir='ltr'><strong>magnitudine</strong></span> <span class='ocrx_word' id='word_1_232' title='bbox 1428 1817 1531 1874; x_wconf 83' lang='lat' dir='ltr'><strong>tarnis.</strong></span> <span class='ocrx_word' id='word_1_233' title='bbox 1544 1818 1736 1891; x_wconf 75' lang='lat' dir='ltr'><strong>subiecitque</strong></span> <span class='ocrx_word' id='word_1_234' title='bbox 1751 1832 1817 1874; x_wconf 92' lang='lat' dir='ltr'><strong>eam</strong></span> <span class='ocrx_word' id='word_1_235' title='bbox 1830 1816 1968 1874; x_wconf 84' lang='lat' dir='ltr'><strong>Pharao-</strong></span> 
     </span>
     <span class='ocr_line' id='line_1_19' title="bbox 254 1904 1966 1981; baseline -0.001 -19"><span class='ocrx_word' id='word_1_236' title='bbox 254 1908 289 1964; x_wconf 81' lang='lat' dir='ltr'><strong>at</strong></span> <span class='ocrx_word' id='word_1_237' title='bbox 300 1904 400 1962; x_wconf 85' lang='lat' dir='ltr'><strong>elebat</strong></span> <span class='ocrx_word' id='word_1_238' title='bbox 411 1920 475 1974; x_wconf 90' lang='lat' dir='ltr'><strong>eos,</strong></span> <span class='ocrx_word' id='word_1_239' title='bbox 488 1917 672 1978; x_wconf 86' lang='lat' dir='ltr'><strong>omnemque</strong></span> <span class='ocrx_word' id='word_1_240' title='bbox 684 1905 812 1964; x_wconf 92' lang='lat' dir='ltr'><strong>domum</strong></span> <span class='ocrx_word' id='word_1_241' title='bbox 826 1908 920 1981; x_wconf 85' lang='lat' dir='ltr'><strong>patris</strong></span> <span class='ocrx_word' id='word_1_242' title='bbox 934 1908 992 1975; x_wconf 89' lang='lat' dir='ltr'><strong>sui,</strong></span> <span class='ocrx_word' id='word_1_243' title='bbox 1008 1922 1082 1981; x_wconf 81' lang='lat' dir='ltr'><strong>prae-</strong></span> <span class='ocrx_word' id='word_1_244' title='bbox 1134 1904 1177 1970; x_wconf 94' lang='lat' dir='ltr'><strong>ni,</strong></span> <span class='ocrx_word' id='word_1_245' title='bbox 1189 1910 1218 1962; x_wconf 90' lang='lat' dir='ltr'><strong>et</strong></span> <span class='ocrx_word' id='word_1_246' title='bbox 1236 1910 1360 1961; x_wconf 88' lang='lat' dir='ltr'><strong>cunctos</strong></span> <span class='ocrx_word' id='word_1_247' title='bbox 1369 1904 1497 1978; x_wconf 87' lang='lat' dir='ltr'><strong>populos</strong></span> <span class='ocrx_word' id='word_1_248' title='bbox 1512 1906 1587 1976; x_wconf 75' lang='lat' dir='ltr'><strong>cius,</strong></span> <span class='ocrx_word' id='word_1_249' title='bbox 1605 1922 1624 1962; x_wconf 88' lang='lat' dir='ltr'><strong>a</strong></span> <span class='ocrx_word' id='word_1_250' title='bbox 1637 1904 1812 1962; x_wconf 87' lang='lat' dir='ltr'><strong>novissimis</strong></span> <span class='ocrx_word' id='word_1_251' title='bbox 1827 1905 1966 1961; x_wconf 86' lang='lat' dir='ltr'><strong>terminis</strong></span> 
     </span>
     <span class='ocr_line' id='line_1_20' title="bbox 252 1992 1966 2067; baseline -0.001 -16"><span class='ocrx_word' id='word_1_252' title='bbox 252 1993 329 2051; x_wconf 88' lang='lat' dir='ltr'><strong>heus</strong></span> <span class='ocrx_word' id='word_1_253' title='bbox 341 1992 454 2050; x_wconf 84' lang='lat' dir='ltr'><strong>cibaria</strong></span> <span class='ocrx_word' id='word_1_254' title='bbox 466 1993 603 2065; x_wconf 89' lang='lat' dir='ltr'><strong>singulis.</strong></span> <span class='ocrx_word' id='word_1_255' title='bbox 623 2006 656 2066; x_wconf 70' lang='lat' dir='ltr'><strong>tp.</strong></span> <span class='ocrx_word' id='word_1_256' title='bbox 671 1997 776 2053; x_wconf 83' lang='lat' dir='ltr'><strong>Amen.</strong></span> <span class='ocrx_word' id='word_1_257' title='bbox 1135 1993 1254 2065; x_wconf 80' lang='lat' dir='ltr'><strong>AEgypti</strong></span> <span class='ocrx_word' id='word_1_258' title='bbox 1265 1992 1644 2065; x_wconf 86' lang='lat' dir='ltr'><strong>usqueadaxtrcmostines</strong></span> <span class='ocrx_word' id='word_1_259' title='bbox 1653 1992 1728 2064; x_wconf 86' lang='lat' dir='ltr'><strong>ejus,</strong></span> <span class='ocrx_word' id='word_1_260' title='bbox 1737 1996 1966 2067; x_wconf 78' lang='lat' dir='ltr'><strong>praeterterram</strong></span> 
     </span>
    </p>

    <p class='ocr_par' dir='ltr' id='par_1_8' title="bbox 251 2078 1967 2243">
     <span class='ocr_line' id='line_1_21' title="bbox 285 2078 1967 2157; baseline 0 -18"><span class='ocrx_word' id='word_1_261' title='bbox 285 2082 433 2154; x_wconf 70' lang='lat' dir='ltr'><strong>erumnas.</strong></span> <span class='ocrx_word' id='word_1_262' title='bbox 447 2082 526 2139; x_wconf 85' lang='lat' dir='ltr'><strong>Deus</strong></span> <span class='ocrx_word' id='word_1_263' title='bbox 536 2084 638 2139; x_wconf 81' lang='lat' dir='ltr'><strong>aeterni</strong></span> <span class='ocrx_word' id='word_1_264' title='bbox 650 2083 785 2142; x_wconf 88' lang='lat' dir='ltr'><strong>luminis.</strong></span> <span class='ocrx_word' id='word_1_265' title='bbox 795 2085 852 2157; x_wconf 82' lang='lat' dir='ltr'><strong>fol.</strong></span> <span class='ocrx_word' id='word_1_266' title='bbox 866 2086 911 2143; x_wconf 84' lang='grc'><strong>98.</strong></span> <span class='ocrx_word' id='word_1_267' title='bbox 924 2085 1079 2156; x_wconf 70' lang='lat' dir='ltr'><strong>Capitalis.</strong></span> <span class='ocrx_word' id='word_1_268' title='bbox 1135 2081 1334 2148; x_wconf 86' lang='lat' dir='ltr'><strong>sacerdotum,</strong></span> <span class='ocrx_word' id='word_1_269' title='bbox 1351 2080 1458 2154; x_wconf 89' lang='lat' dir='ltr'><strong>quibus</strong></span> <span class='ocrx_word' id='word_1_270' title='bbox 1478 2084 1589 2139; x_wconf 87' lang='lat' dir='ltr'><strong>statuta</strong></span> <span class='ocrx_word' id='word_1_271' title='bbox 1601 2078 1711 2138; x_wconf 86' lang='lat' dir='ltr'><strong>cibaria</strong></span> <span class='ocrx_word' id='word_1_272' title='bbox 1729 2097 1765 2138; x_wconf 89' lang='lat' dir='ltr'><strong>ex</strong></span> <span class='ocrx_word' id='word_1_273' title='bbox 1785 2082 1898 2138; x_wconf 83' lang='lat' dir='ltr'><strong>horreis</strong></span> <span class='ocrx_word' id='word_1_274' title='bbox 1908 2098 1967 2155; x_wconf 89' lang='lat' dir='ltr'><strong>pu·</strong></span> 
     </span>
     <span class='ocr_line' id='line_1_22' title="bbox 251 2167 1964 2243; baseline 0 -16"><span class='ocrx_word' id='word_1_275' title='bbox 251 2170 377 2229; x_wconf 85' lang='lat' dir='ltr'><strong>llomine</strong></span> <span class='ocrx_word' id='word_1_276' title='bbox 390 2170 474 2242; x_wconf 89' lang='lat' dir='ltr'><strong>apud</strong></span> <span class='ocrx_word' id='word_1_277' title='bbox 487 2185 591 2243; x_wconf 89' lang='lat' dir='ltr'><strong>quem.</strong></span> <span class='ocrx_word' id='word_1_278' title='bbox 604 2171 665 2242; x_wconf 82' lang='lat' dir='ltr'><strong>fot.</strong></span> <span class='ocrx_word' id='word_1_279' title='bbox 686 2176 749 2229; x_wconf 78' lang='lat' dir='ltr'><strong>tet.</strong></span> <span class='ocrx_word' id='word_1_280' title='bbox 1134 2167 1219 2225; x_wconf 90' lang='lat' dir='ltr'><strong>blicis</strong></span> <span class='ocrx_word' id='word_1_281' title='bbox 1228 2167 1480 2241; x_wconf 72' lang='lat' dir='ltr'><strong>provehebantur,</strong></span> <span class='ocrx_word' id='word_1_282' title='bbox 1491 2172 1582 2242; x_wconf 74' lang='lat' dir='ltr'><strong>quaed</strong></span> <span class='ocrx_word' id='word_1_283' title='bbox 1592 2168 1964 2241; x_wconf 87' lang='lat' dir='ltr'><strong>regetrsditaiueranteis,</strong></span> 
     </span>
    </p>

    <p class='ocr_par' dir='ltr' id='par_1_9' title="bbox 285 2257 1967 2334">
     <span class='ocr_line' id='line_1_23' title="bbox 285 2257 1967 2334; baseline -0.001 -18"><span class='ocrx_word' id='word_1_284' title='bbox 285 2259 400 2316; x_wconf 68' lang='lat' dir='ltr'><strong>Laude</strong></span> <span class='ocrx_word' id='word_1_285' title='bbox 414 2261 456 2315; x_wconf 83' lang='lat' dir='ltr'><strong>Nc</strong></span> <span class='ocrx_word' id='word_1_286' title='bbox 467 2258 586 2316; x_wconf 86' lang='lat' dir='ltr'><strong>auteres</strong></span> <span class='ocrx_word' id='word_1_287' title='bbox 592 2258 635 2315; x_wconf 90' lang='lat' dir='ltr'><strong>de</strong></span> <span class='ocrx_word' id='word_1_288' title='bbox 647 2274 699 2317; x_wconf 88' lang='lat' dir='ltr'><strong>ore</strong></span> <span class='ocrx_word' id='word_1_289' title='bbox 716 2261 919 2318; x_wconf 81' lang='lat' dir='ltr'><strong>meoverbum</strong></span> <span class='ocrx_word' id='word_1_290' title='bbox 933 2262 1077 2334; x_wconf 85' lang='lat' dir='ltr'><strong>veritatis,</strong></span> <span class='ocrx_word' id='word_1_291' title='bbox 1138 2258 1224 2330; x_wconf 74' lang='lat'><strong>102</strong></span> <span class='ocrx_word' id='word_1_292' title='bbox 1239 2262 1267 2314; x_wconf 90' lang='lat' dir='ltr'><strong>et</strong></span> <span class='ocrx_word' id='word_1_293' title='bbox 1280 2257 1391 2315; x_wconf 90' lang='lat' dir='ltr'><strong>idcirco</strong></span> <span class='ocrx_word' id='word_1_294' title='bbox 1401 2273 1463 2315; x_wconf 91' lang='lat' dir='ltr'><strong>non</strong></span> <span class='ocrx_word' id='word_1_295' title='bbox 1476 2261 1547 2316; x_wconf 92' lang='lat' dir='ltr'><strong>suut</strong></span> <span class='ocrx_word' id='word_1_296' title='bbox 1558 2258 1703 2332; x_wconf 84' lang='lat' dir='ltr'><strong>compulsi</strong></span> <span class='ocrx_word' id='word_1_297' title='bbox 1713 2260 1839 2316; x_wconf 78' lang='lat' dir='ltr'><strong>rendere</strong></span> <span class='ocrx_word' id='word_1_298' title='bbox 1848 2274 1967 2331; x_wconf 86' lang='lat' dir='ltr'><strong>posses-</strong></span> 
     </span>
    </p>

    <p class='ocr_par' dir='ltr' id='par_1_10' title="bbox 247 2342 1968 2422">
     <span class='ocr_line' id='line_1_24' title="bbox 247 2342 1968 2422; baseline 0.001 -19"><span class='ocrx_word' id='word_1_299' title='bbox 247 2342 373 2405; x_wconf 86' lang='lat' dir='ltr'><strong>Domine</strong></span> <span class='ocrx_word' id='word_1_300' title='bbox 387 2364 396 2404; x_wconf 79' lang='lat' dir='ltr'><strong>t</strong></span> <span class='ocrx_word' id='word_1_301' title='bbox 412 2348 447 2403; x_wconf 88' lang='lat' dir='ltr'><strong>P.</strong></span> <span class='ocrx_word' id='word_1_302' title='bbox 464 2346 579 2413; x_wconf 82' lang='lat' dir='ltr'><strong>Quiain</strong></span> <span class='ocrx_word' id='word_1_303' title='bbox 590 2346 714 2418; x_wconf 74' lang='lat' dir='ltr'><strong>iudiciis</strong></span> <span class='ocrx_word' id='word_1_304' title='bbox 729 2348 788 2406; x_wconf 89' lang='lat' dir='ltr'><strong>tuis</strong></span> <span class='ocrx_word' id='word_1_305' title='bbox 801 2348 928 2422; x_wconf 78' lang='lat' dir='ltr'><strong>speravi.</strong></span> <span class='ocrx_word' id='word_1_306' title='bbox 943 2349 1018 2411; x_wconf 59' lang='lat' dir='ltr'><strong>tutti</strong></span> <span class='ocrx_word' id='word_1_307' title='bbox 1029 2365 1078 2406; x_wconf 78' lang='lat' dir='ltr'><strong>re.</strong></span> <span class='ocrx_word' id='word_1_308' title='bbox 1134 2344 1235 2402; x_wconf 89' lang='lat' dir='ltr'><strong>sioues</strong></span> <span class='ocrx_word' id='word_1_309' title='bbox 1249 2360 1330 2402; x_wconf 88' lang='lat' dir='ltr'><strong>suas.</strong></span> <span class='ocrx_word' id='word_1_310' title='bbox 1346 2345 1482 2420; x_wconf 85' lang='lat' dir='ltr'><strong>Dixitque</strong></span> <span class='ocrx_word' id='word_1_311' title='bbox 1496 2347 1607 2420; x_wconf 80' lang='lat' dir='ltr'><strong>loseph</strong></span> <span class='ocrx_word' id='word_1_312' title='bbox 1625 2347 1665 2404; x_wconf 88' lang='lat' dir='ltr'><strong>ad</strong></span> <span class='ocrx_word' id='word_1_313' title='bbox 1678 2346 1823 2420; x_wconf 90' lang='lat' dir='ltr'><strong>populum</strong></span> <span class='ocrx_word' id='word_1_314' title='bbox 1840 2366 1847 2406; x_wconf 96' lang='lat'><strong>:</strong></span> <span class='ocrx_word' id='word_1_315' title='bbox 1862 2348 1904 2403; x_wconf 85' lang='lat' dir='ltr'><strong>En</strong></span> <span class='ocrx_word' id='word_1_316' title='bbox 1927 2352 1968 2405; x_wconf 83' lang='lat' dir='ltr'><strong>ut</strong></span> 
     </span>
    </p>

    <p class='ocr_par' dir='ltr' id='par_1_11' title="bbox 246 2432 1963 2508">
     <span class='ocr_line' id='line_1_25' title="bbox 246 2432 1963 2508; baseline -0.001 -15"><span class='ocrx_word' id='word_1_317' title='bbox 246 2434 311 2493; x_wconf 82' lang='lat' dir='ltr'><strong>niet</strong></span> <span class='ocrx_word' id='word_1_318' title='bbox 325 2450 476 2508; x_wconf 84' lang='lat' dir='ltr'><strong>superma</strong></span> <span class='ocrx_word' id='word_1_319' title='bbox 495 2435 700 2494; x_wconf 83' lang='lat' dir='ltr'><strong>misericordia</strong></span> <span class='ocrx_word' id='word_1_320' title='bbox 721 2440 773 2494; x_wconf 85' lang='lat' dir='ltr'><strong>tua</strong></span> <span class='ocrx_word' id='word_1_321' title='bbox 787 2437 912 2494; x_wconf 87' lang='lat' dir='ltr'><strong>Domine</strong></span> <span class='ocrx_word' id='word_1_322' title='bbox 926 2454 933 2494; x_wconf 95' lang='lat'><strong>:</strong></span> <span class='ocrx_word' id='word_1_323' title='bbox 947 2435 1078 2495; x_wconf 87' lang='lat' dir='ltr'><strong>salutare</strong></span> <span class='ocrx_word' id='word_1_324' title='bbox 1133 2432 1261 2500; x_wconf 91' lang='lat' dir='ltr'><strong>cernitis,</strong></span> <span class='ocrx_word' id='word_1_325' title='bbox 1275 2438 1303 2489; x_wconf 88' lang='lat' dir='ltr'><strong>et</strong></span> <span class='ocrx_word' id='word_1_326' title='bbox 1317 2448 1373 2491; x_wconf 85' lang='lat' dir='ltr'><strong>ros</strong></span> <span class='ocrx_word' id='word_1_327' title='bbox 1386 2437 1414 2491; x_wconf 90' lang='lat' dir='ltr'><strong>et</strong></span> <span class='ocrx_word' id='word_1_328' title='bbox 1425 2438 1534 2491; x_wconf 86' lang='lat' dir='ltr'><strong>terram</strong></span> <span class='ocrx_word' id='word_1_329' title='bbox 1545 2440 1675 2492; x_wconf 88' lang='lat' dir='ltr'><strong>vestram</strong></span> <span class='ocrx_word' id='word_1_330' title='bbox 1684 2434 1963 2508; x_wconf 87' lang='lat' dir='ltr'><strong>Pharaopossidet:</strong></span> 
     </span>
    </p>

    <p class='ocr_par' dir='ltr' id='par_1_12' title="bbox 245 2520 1964 2686">
     <span class='ocr_line' id='line_1_26' title="bbox 245 2520 1964 2597; baseline -0.002 -14"><span class='ocrx_word' id='word_1_331' title='bbox 245 2527 342 2595; x_wconf 90' lang='lat' dir='ltr'><strong>tuum,</strong></span> <span class='ocrx_word' id='word_1_332' title='bbox 368 2526 398 2581; x_wconf 89' lang='lat' dir='ltr'><strong>et</strong></span> <span class='ocrx_word' id='word_1_333' title='bbox 425 2522 579 2597; x_wconf 87' lang='lat' dir='ltr'><strong>eloquium</strong></span> <span class='ocrx_word' id='word_1_334' title='bbox 607 2528 692 2581; x_wconf 90' lang='lat' dir='ltr'><strong>tuum</strong></span> <span class='ocrx_word' id='word_1_335' title='bbox 713 2527 777 2584; x_wconf 87' lang='lat' dir='ltr'><strong>:P.</strong></span> <span class='ocrx_word' id='word_1_336' title='bbox 801 2525 877 2593; x_wconf 80' lang='lat' dir='ltr'><strong>Quis</strong></span> <span class='ocrx_word' id='word_1_337' title='bbox 893 2526 925 2582; x_wconf 92' lang='lat' dir='ltr'><strong>in</strong></span> <span class='ocrx_word' id='word_1_338' title='bbox 945 2525 1077 2597; x_wconf 87' lang='lat' dir='ltr'><strong>judiciis.</strong></span> <span class='ocrx_word' id='word_1_339' title='bbox 1132 2520 1255 2594; x_wconf 87' lang='lat' dir='ltr'><strong>aecipite</strong></span> <span class='ocrx_word' id='word_1_340' title='bbox 1277 2520 1443 2592; x_wconf 88' lang='lat' dir='ltr'><strong>semina,et</strong></span> <span class='ocrx_word' id='word_1_341' title='bbox 1456 2523 1540 2580; x_wconf 88' lang='lat' dir='ltr'><strong>serite</strong></span> <span class='ocrx_word' id='word_1_342' title='bbox 1553 2538 1654 2595; x_wconf 89' lang='lat' dir='ltr'><strong>agros,</strong></span> <span class='ocrx_word' id='word_1_343' title='bbox 1679 2529 1713 2581; x_wconf 91' lang='lat' dir='ltr'><strong>ut</strong></span> <span class='ocrx_word' id='word_1_344' title='bbox 1731 2523 1830 2597; x_wconf 80' lang='lat' dir='ltr'><strong>fruges</strong></span> <span class='ocrx_word' id='word_1_345' title='bbox 1847 2522 1964 2581; x_wconf 85' lang='lat' dir='ltr'><strong>habere</strong></span> 
     </span>
     <span class='ocr_line' id='line_1_27' title="bbox 246 2608 1963 2686; baseline -0.002 -14"><span class='ocrx_word' id='word_1_346' title='bbox 246 2608 280 2672; x_wconf 77' lang='lat' dir='ltr'><strong>lt.</strong></span> <span class='ocrx_word' id='word_1_347' title='bbox 295 2608 404 2680; x_wconf 83' lang='lat' dir='ltr'><strong>Gloria,</strong></span> <span class='ocrx_word' id='word_1_348' title='bbox 420 2613 450 2668; x_wconf 92' lang='grc' dir='ltr'>οι</span> <span class='ocrx_word' id='word_1_349' title='bbox 460 2609 560 2669; x_wconf 90' lang='lat' dir='ltr'><strong>honor</strong></span> <span class='ocrx_word' id='word_1_350' title='bbox 572 2612 663 2679; x_wconf 82' lang='lat' dir='ltr'><strong>Patri,</strong></span> <span class='ocrx_word' id='word_1_351' title='bbox 677 2615 732 2669; x_wconf 90' lang='lat' dir='ltr'><strong>etc.</strong></span> <span class='ocrx_word' id='word_1_352' title='bbox 748 2613 784 2671; x_wconf 85' lang='lat' dir='ltr'><strong>P.</strong></span> <span class='ocrx_word' id='word_1_353' title='bbox 804 2612 929 2679; x_wconf 79' lang='lat' dir='ltr'><strong>Quiain.</strong></span> <span class='ocrx_word' id='word_1_354' title='bbox 1130 2608 1262 2682; x_wconf 88' lang='lat' dir='ltr'><strong>possitis.</strong></span> <span class='ocrx_word' id='word_1_355' title='bbox 1278 2609 1419 2675; x_wconf 84' lang='lat' dir='ltr'><strong>Quintam</strong></span> <span class='ocrx_word' id='word_1_356' title='bbox 1428 2615 1540 2683; x_wconf 91' lang='lat' dir='ltr'><strong>partem</strong></span> <span class='ocrx_word' id='word_1_357' title='bbox 1553 2612 1617 2685; x_wconf 89' lang='lat' dir='ltr'><strong>regi</strong></span> <span class='ocrx_word' id='word_1_358' title='bbox 1628 2611 1739 2669; x_wconf 90' lang='lat' dir='ltr'><strong>dabitis</strong></span> <span class='ocrx_word' id='word_1_359' title='bbox 1753 2616 1902 2686; x_wconf 85' lang='lat' dir='ltr'><strong>:quatuor</strong></span> <span class='ocrx_word' id='word_1_360' title='bbox 1911 2626 1963 2668; x_wconf 92' lang='lat' dir='ltr'><strong>re-</strong></span> 
     </span>
    </p>

    <p class='ocr_par' dir='ltr' id='par_1_13' title="bbox 262 2695 1963 2773">
     <span class='ocr_line' id='line_1_28' title="bbox 262 2695 1963 2773; baseline 0.006 -17"><span class='ocrx_word' id='word_1_361' title='bbox 262 2697 401 2757; x_wconf 82' lang='lat' dir='ltr'><strong>·Oratt‘o.</strong></span> <span class='ocrx_word' id='word_1_362' title='bbox 414 2700 478 2756; x_wconf 85' lang='lat' dir='ltr'><strong>&#39;tua</strong></span> <span class='ocrx_word' id='word_1_363' title='bbox 489 2714 581 2773; x_wconf 89' lang='lat' dir='ltr'><strong>super</strong></span> <span class='ocrx_word' id='word_1_364' title='bbox 594 2714 661 2771; x_wconf 90' lang='lat' dir='ltr'><strong>nos,</strong></span> <span class='ocrx_word' id='word_1_365' title='bbox 675 2700 811 2772; x_wconf 85' lang='lat' dir='ltr'><strong>bomine,</strong></span> <span class='ocrx_word' id='word_1_366' title='bbox 821 2699 1077 2769; x_wconf 66' lang='lat' dir='ltr'><strong>misericordiam</strong></span> <span class='ocrx_word' id='word_1_367' title='bbox 1130 2695 1229 2770; x_wconf 86' lang='lat' dir='ltr'><strong>liques</strong></span> <span class='ocrx_word' id='word_1_368' title='bbox 1241 2698 1379 2770; x_wconf 67' lang='lat' dir='ltr'><strong>permisto</strong></span> <span class='ocrx_word' id='word_1_369' title='bbox 1392 2698 1478 2755; x_wconf 62' lang='lat' dir='ltr'><strong>*⁰123ss</strong></span> <span class='ocrx_word' id='word_1_370' title='bbox 1502 2700 1534 2755; x_wconf 76' lang='lat' dir='ltr'><strong>in</strong></span> <span class='ocrx_word' id='word_1_371' title='bbox 1563 2703 1737 2767; x_wconf 89' lang='lat' dir='ltr'><strong>sementem,</strong></span> <span class='ocrx_word' id='word_1_372' title='bbox 1754 2704 1784 2758; x_wconf 71' lang='lat' dir='ltr'><strong>el</strong></span> <span class='ocrx_word' id='word_1_373' title='bbox 1802 2700 1833 2756; x_wconf 77' lang='lat' dir='ltr'><strong>in</strong></span> <span class='ocrx_word' id='word_1_374' title='bbox 1856 2699 1963 2757; x_wconf 63' lang='lat' dir='ltr'><strong>‘libum</strong></span> 
     </span>
    </p>

    <p class='ocr_par' dir='ltr' id='par_1_14' title="bbox 246 2783 1959 2863">
     <span class='ocr_line' id='line_1_29' title="bbox 246 2783 1959 2863; baseline 0.002 -22"><span class='ocrx_word' id='word_1_375' title='bbox 246 2785 482 2859; x_wconf 89' lang='lat' dir='ltr'><strong>dumrogamus,</strong></span> <span class='ocrx_word' id='word_1_376' title='bbox 495 2788 655 2849; x_wconf 84' lang='lat' dir='ltr'><strong>adveniat:</strong></span> <span class='ocrx_word' id='word_1_377' title='bbox 671 2793 819 2863; x_wconf 80' lang='lat' dir='ltr'><strong>tuumque</strong></span> <span class='ocrx_word' id='word_1_378' title='bbox 825 2790 955 2848; x_wconf 68' lang='lat' dir='ltr'><strong>emutare</strong></span> <span class='ocrx_word' id='word_1_379' title='bbox 963 2806 1015 2847; x_wconf 83' lang='lat' dir='ltr'><strong>eor</strong></span> <span class='ocrx_word' id='word_1_380' title='bbox 1023 2806 1075 2848; x_wconf 83' lang='lat' dir='ltr'><strong>no-</strong></span> <span class='ocrx_word' id='word_1_381' title='bbox 1130 2783 1250 2843; x_wconf 85' lang='lat' dir='ltr'><strong>famulis</strong></span> <span class='ocrx_word' id='word_1_382' title='bbox 1263 2791 1291 2843; x_wconf 91' lang='lat' dir='ltr'><strong>et</strong></span> <span class='ocrx_word' id='word_1_383' title='bbox 1306 2786 1406 2843; x_wconf 88' lang='lat' dir='ltr'><strong>liberis</strong></span> <span class='ocrx_word' id='word_1_384' title='bbox 1421 2786 1599 2853; x_wconf 87' lang='lat' dir='ltr'><strong>vestris.Qui</strong></span> <span class='ocrx_word' id='word_1_385' title='bbox 1611 2790 1830 2861; x_wconf 89' lang='lat' dir='ltr'><strong>responderunt</strong></span> <span class='ocrx_word' id='word_1_386' title='bbox 1845 2808 1852 2848; x_wconf 92' lang='lat'>:</span> <span class='ocrx_word' id='word_1_387' title='bbox 1870 2787 1959 2845; x_wconf 88' lang='lat' dir='ltr'><strong>Salus</strong></span> 
     </span>
    </p>

    <p class='ocr_par' dir='ltr' id='par_1_15' title="bbox 245 2874 1958 2952">
     <span class='ocr_line' id='line_1_30' title="bbox 245 2874 1958 2952; baseline 0 -20"><span class='ocrx_word' id='word_1_388' title='bbox 245 2875 1075 2949; x_wconf 87' lang='lat' dir='ltr'><strong>strumarudiat;eloquiieruditiomentemnostrameuu·</strong></span> <span class='ocrx_word' id='word_1_389' title='bbox 1129 2876 1232 2932; x_wconf 87' lang='lat' dir='ltr'><strong>nostra</strong></span> <span class='ocrx_word' id='word_1_390' title='bbox 1243 2874 1273 2931; x_wconf 88' lang='lat' dir='ltr'><strong>in</strong></span> <span class='ocrx_word' id='word_1_391' title='bbox 1293 2890 1387 2932; x_wconf 89' lang='lat' dir='ltr'><strong>mauu</strong></span> <span class='ocrx_word' id='word_1_392' title='bbox 1399 2881 1452 2931; x_wconf 87' lang='lat' dir='ltr'><strong>tua</strong></span> <span class='ocrx_word' id='word_1_393' title='bbox 1465 2878 1510 2933; x_wconf 91' lang='lat' dir='ltr'><strong>est</strong></span> <span class='ocrx_word' id='word_1_394' title='bbox 1525 2893 1532 2932; x_wconf 76' lang='grc' dir='ltr'><strong>ε</strong></span> <span class='ocrx_word' id='word_1_395' title='bbox 1552 2877 1690 2952; x_wconf 88' lang='lat' dir='ltr'><strong>respiciet</strong></span> <span class='ocrx_word' id='word_1_396' title='bbox 1704 2892 1757 2933; x_wconf 91' lang='lat' dir='ltr'><strong>nos</strong></span> <span class='ocrx_word' id='word_1_397' title='bbox 1767 2876 1958 2933; x_wconf 86' lang='lat' dir='ltr'><strong>tantumdem</strong></span> 
     </span>
    </p>

    <p class='ocr_par' dir='ltr' id='par_1_16' title="bbox 244 2960 1959 3038">
     <span class='ocr_line' id='line_1_31' title="bbox 244 2960 1959 3038; baseline 0.002 -19"><span class='ocrx_word' id='word_1_398' title='bbox 244 2962 333 3020; x_wconf 81' lang='lat' dir='ltr'><strong>trial:</strong></span> <span class='ocrx_word' id='word_1_399' title='bbox 346 2962 444 3034; x_wconf 84' lang='lat' dir='ltr'><strong>utqui</strong></span> <span class='ocrx_word' id='word_1_400' title='bbox 455 2963 486 3018; x_wconf 91' lang='lat' dir='ltr'><strong>iu</strong></span> <span class='ocrx_word' id='word_1_401' title='bbox 497 2963 557 3019; x_wconf 87' lang='lat' dir='ltr'><strong>tuis</strong></span> <span class='ocrx_word' id='word_1_402' title='bbox 568 2979 727 3035; x_wconf 87' lang='lat' dir='ltr'><strong>speramus</strong></span> <span class='ocrx_word' id='word_1_403' title='bbox 737 2964 940 3033; x_wconf 83' lang='lat' dir='ltr'><strong>sermonibus,</strong></span> <span class='ocrx_word' id='word_1_404' title='bbox 950 2965 1011 3023; x_wconf 91' lang='lat' dir='ltr'><strong>tuis</strong></span> <span class='ocrx_word' id='word_1_405' title='bbox 1021 2980 1075 3038; x_wconf 90' lang='lat' dir='ltr'><strong>per</strong></span> <span class='ocrx_word' id='word_1_406' title='bbox 1129 2960 1269 3019; x_wconf 90' lang='lat' dir='ltr'><strong>dominus</strong></span> <span class='ocrx_word' id='word_1_407' title='bbox 1280 2966 1380 3019; x_wconf 88' lang='lat' dir='ltr'><strong>noster</strong></span> <span class='ocrx_word' id='word_1_408' title='bbox 1391 2962 1487 3021; x_wconf 84' lang='lat' dir='ltr'><strong>etlaeti</strong></span> <span class='ocrx_word' id='word_1_409' title='bbox 1501 2964 1665 3022; x_wconf 85' lang='lat' dir='ltr'><strong>serviemus</strong></span> <span class='ocrx_word' id='word_1_410' title='bbox 1679 2966 1750 3037; x_wconf 90' lang='lat' dir='ltr'><strong>regi.</strong></span> <span class='ocrx_word' id='word_1_411' title='bbox 1769 2967 1811 3022; x_wconf 83' lang='lat' dir='ltr'><strong>lix</strong></span> <span class='ocrx_word' id='word_1_412' title='bbox 1831 2980 1868 3023; x_wconf 88' lang='lat' dir='ltr'><strong>ec</strong></span> <span class='ocrx_word' id='word_1_413' title='bbox 1883 2970 1959 3023; x_wconf 88' lang='lat' dir='ltr'><strong>tem-</strong></span> 
     </span>
    </p>

    <p class='ocr_par' dir='ltr' id='par_1_17' title="bbox 243 3046 1957 3150">
     <span class='ocr_line' id='line_1_32' title="bbox 243 3046 1957 3150; baseline 0.005 -45"><span class='ocrx_word' id='word_1_414' title='bbox 243 3046 550 3105; x_wconf 86' lang='lat' dir='ltr'><strong>omuiaconsolemur</strong></span> <span class='ocrx_word' id='word_1_415' title='bbox 561 3048 741 3117; x_wconf 78' lang='lat' dir='ltr'><strong>virtutibus3</strong></span> <span class='ocrx_word' id='word_1_416' title='bbox 758 3064 793 3106; x_wconf 86' lang='lat' dir='ltr'><strong>ac</strong></span> <span class='ocrx_word' id='word_1_417' title='bbox 803 3050 957 3126; x_wconf 88' lang='lat' dir='ltr'><strong>dumspes</strong></span> <span class='ocrx_word' id='word_1_418' title='bbox 968 3057 1109 3150; x_wconf 86' lang='lat' dir='ltr'><strong>nostraC</strong></span> <span class='ocrx_word' id='word_1_419' title='bbox 1130 3062 1306 3124; x_wconf 81' lang='lat' dir='ltr'><strong>parensque</strong></span> <span class='ocrx_word' id='word_1_420' title='bbox 1318 3049 1350 3108; x_wconf 91' lang='lat' dir='ltr'><strong>in</strong></span> <span class='ocrx_word' id='word_1_421' title='bbox 1362 3057 1542 3123; x_wconf 72' lang='lat' dir='ltr'><strong>presentem</strong></span> <span class='ocrx_word' id='word_1_422' title='bbox 1553 3052 1644 3125; x_wconf 90' lang='lat' dir='ltr'><strong>diem,</strong></span> <span class='ocrx_word' id='word_1_423' title='bbox 1658 3054 1690 3112; x_wconf 91' lang='lat' dir='ltr'><strong>in</strong></span> <span class='ocrx_word' id='word_1_424' title='bbox 1717 3053 1859 3112; x_wconf 83' lang='lat' dir='ltr'><strong>universe</strong></span> <span class='ocrx_word' id='word_1_425' title='bbox 1876 3059 1957 3114; x_wconf 85' lang='lat' dir='ltr'><strong>terra</strong></span> 
     </span>
    </p>

    <p class='ocr_par' dir='ltr' id='par_1_18' title="bbox 242 3133 1958 3214">
     <span class='ocr_line' id='line_1_33' title="bbox 242 3133 1958 3214; baseline 0.011 -22"><span class='ocrx_word' id='word_1_426' title='bbox 242 3135 314 3192; x_wconf 89' lang='lat' dir='ltr'><strong>inte</strong></span> <span class='ocrx_word' id='word_1_427' title='bbox 325 3133 473 3206; x_wconf 78' lang='lat' dir='ltr'><strong>dirigitur,</strong></span> <span class='ocrx_word' id='word_1_428' title='bbox 488 3135 552 3208; x_wconf 87' lang='lat' dir='ltr'><strong>spei</strong></span> <span class='ocrx_word' id='word_1_429' title='bbox 560 3135 656 3208; x_wconf 90' lang='lat' dir='ltr'><strong>ipsius</strong></span> <span class='ocrx_word' id='word_1_430' title='bbox 667 3151 686 3193; x_wconf 87' lang='lat' dir='ltr'><strong>a</strong></span> <span class='ocrx_word' id='word_1_431' title='bbox 696 3140 727 3193; x_wconf 95' lang='grc' dir='ltr'>ιο</span> <span class='ocrx_word' id='word_1_432' title='bbox 741 3137 831 3196; x_wconf 89' lang='lat' dir='ltr'><strong>nobis</strong></span> <span class='ocrx_word' id='word_1_433' title='bbox 844 3139 947 3210; x_wconf 88' lang='lat' dir='ltr'><strong>petitio</strong></span> <span class='ocrx_word' id='word_1_434' title='bbox 970 3153 1075 3198; x_wconf 88' lang='lat' dir='ltr'><strong>couce-</strong></span> <span class='ocrx_word' id='word_1_435' title='bbox 1128 3135 1258 3210; x_wconf 83' lang='lat' dir='ltr'><strong>AEgypti,</strong></span> <span class='ocrx_word' id='word_1_436' title='bbox 1266 3137 1387 3209; x_wconf 83' lang='lat' dir='ltr'><strong>regibus</strong></span> <span class='ocrx_word' id='word_1_437' title='bbox 1397 3140 1503 3212; x_wconf 86' lang='lat' dir='ltr'><strong>quinta</strong></span> <span class='ocrx_word' id='word_1_438' title='bbox 1512 3157 1584 3214; x_wconf 72' lang='lat' dir='ltr'><strong>part</strong></span> <span class='ocrx_word' id='word_1_439' title='bbox 1597 3141 1728 3210; x_wconf 75' lang='lat' dir='ltr'><strong>solvitur,</strong></span> <span class='ocrx_word' id='word_1_440' title='bbox 1742 3147 1772 3199; x_wconf 74' lang='lat' dir='ltr'><strong>el</strong></span> <span class='ocrx_word' id='word_1_441' title='bbox 1782 3142 1897 3200; x_wconf 70' lang='lat' dir='ltr'><strong>stolum</strong></span> <span class='ocrx_word' id='word_1_442' title='bbox 1907 3148 1958 3201; x_wconf 66' lang='lat' dir='ltr'><strong>est</strong></span> 
     </span>
    </p>

    <p class='ocr_par' dir='ltr' id='par_1_19' title="bbox 244 3220 1957 3390">
     <span class='ocr_line' id='line_1_34' title="bbox 244 3220 1957 3304; baseline 0.005 -24"><span class='ocrx_word' id='word_1_443' title='bbox 244 3220 345 3280; x_wconf 82' lang='lat' dir='ltr'><strong>datur.</strong></span> <span class='ocrx_word' id='word_1_444' title='bbox 365 3232 399 3294; x_wconf 69' lang='lat' dir='ltr'><strong>tp.</strong></span> <span class='ocrx_word' id='word_1_445' title='bbox 414 3225 522 3280; x_wconf 78' lang='lat' dir='ltr'><strong>Amen.</strong></span> <span class='ocrx_word' id='word_1_446' title='bbox 1128 3225 1217 3298; x_wconf 88' lang='lat' dir='ltr'><strong>quasi</strong></span> <span class='ocrx_word' id='word_1_447' title='bbox 1227 3223 1372 3296; x_wconf 82' lang='lat' dir='ltr'><strong>intcgem,</strong></span> <span class='ocrx_word' id='word_1_448' title='bbox 1381 3226 1497 3300; x_wconf 86' lang='lat' dir='ltr'><strong>absque</strong></span> <span class='ocrx_word' id='word_1_449' title='bbox 1504 3235 1581 3288; x_wconf 89' lang='lat' dir='ltr'><strong>terra</strong></span> <span class='ocrx_word' id='word_1_450' title='bbox 1589 3230 1957 3304; x_wconf 81' lang='lat' dir='ltr'><strong>sacerdotali,quaelibera</strong></span> 
     </span>
     <span class='ocr_line' id='line_1_35' title="bbox 280 3309 1673 3390; baseline 0.007 -24"><span class='ocrx_word' id='word_1_451' title='bbox 280 3311 336 3367; x_wconf 80' lang='lat' dir='ltr'><strong>Per</strong></span> <span class='ocrx_word' id='word_1_452' title='bbox 347 3309 587 3369; x_wconf 86' lang='lat' dir='ltr'><strong>miscricordiam</strong></span> <span class='ocrx_word' id='word_1_453' title='bbox 600 3315 697 3370; x_wconf 85' lang='lat' dir='ltr'><strong>tuam.</strong></span> <span class='ocrx_word' id='word_1_454' title='bbox 1128 3312 1168 3373; x_wconf 91' lang='lat' dir='ltr'><strong>ab</strong></span> <span class='ocrx_word' id='word_1_455' title='bbox 1181 3314 1239 3372; x_wconf 91' lang='lat' dir='ltr'><strong>hac</strong></span> <span class='ocrx_word' id='word_1_456' title='bbox 1253 3315 1424 3373; x_wconf 89' lang='lat' dir='ltr'><strong>conditione</strong></span> <span class='ocrx_word' id='word_1_457' title='bbox 1442 3316 1506 3374; x_wconf 89' lang='lat' dir='ltr'><strong>init.</strong></span> <span class='ocrx_word' id='word_1_458' title='bbox 1523 3329 1554 3390; x_wconf 73' lang='lat' dir='ltr'><strong>tp.</strong></span> <span class='ocrx_word' id='word_1_459' title='bbox 1570 3320 1673 3376; x_wconf 82' lang='lat' dir='ltr'><strong>Amen.</strong></span> 
     </span>
    </p>

    <p class='ocr_par' dir='ltr' id='par_1_20' title="bbox 260 3397 1956 3478">
     <span class='ocr_line' id='line_1_36' title="bbox 260 3397 1956 3478; baseline 0.005 -22"><span class='ocrx_word' id='word_1_460' title='bbox 260 3425 266 3456; x_wconf 85' lang='grc'>;</span> <span class='ocrx_word' id='word_1_461' title='bbox 367 3397 598 3457; x_wconf 73' lang='lat' dir='ltr'><strong>Procerbt&#39;orasm</strong></span> <span class='ocrx_word' id='word_1_462' title='bbox 606 3399 778 3460; x_wconf 82' lang='lat' dir='ltr'><strong>Solomonis</strong></span> <span class='ocrx_word' id='word_1_463' title='bbox 793 3402 882 3474; x_wconf 75' lang='lat' dir='ltr'><strong>(vap.</strong></span> <span class='ocrx_word' id='word_1_464' title='bbox 895 3405 948 3475; x_wconf 81' lang='lat' dir='ltr'><strong>xi).</strong></span> <span class='ocrx_word' id='word_1_465' title='bbox 1164 3402 1338 3472; x_wconf 74' lang='lat' dir='ltr'><strong>Antiphone</strong></span> <span class='ocrx_word' id='word_1_466' title='bbox 1353 3409 1379 3461; x_wconf 91' lang='lat' dir='ltr'><strong>t.</strong></span> <span class='ocrx_word' id='word_1_467' title='bbox 1393 3405 1501 3478; x_wconf 89' lang='lat' dir='ltr'><strong>Populi</strong></span> <span class='ocrx_word' id='word_1_468' title='bbox 1514 3406 1735 3467; x_wconf 84' lang='lat' dir='ltr'><strong>confitebuntur</strong></span> <span class='ocrx_word' id='word_1_469' title='bbox 1748 3408 1802 3466; x_wconf 88' lang='lat' dir='ltr'><strong>tibi</strong></span> <span class='ocrx_word' id='word_1_470' title='bbox 1818 3407 1850 3466; x_wconf 91' lang='lat' dir='ltr'><strong>in</strong></span> <span class='ocrx_word' id='word_1_471' title='bbox 1869 3411 1956 3467; x_wconf 81' lang='lat' dir='ltr'><strong>teter·</strong></span> 
     </span>
    </p>

    <p class='ocr_par' dir='ltr' id='par_1_21' title="bbox 244 3486 1960 4097">
     <span class='ocr_line' id='line_1_37' title="bbox 280 3486 1811 3562; baseline 0.008 -19"><span class='ocrx_word' id='word_1_472' title='bbox 280 3498 312 3557; x_wconf 70' lang='lat' dir='ltr'><strong>re.</strong></span> <span class='ocrx_word' id='word_1_473' title='bbox 333 3486 530 3558; x_wconf 84' lang='lat' dir='ltr'><strong>llecgratias.</strong></span> <span class='ocrx_word' id='word_1_474' title='bbox 1129 3505 1212 3562; x_wconf 90' lang='lat' dir='ltr'><strong>num,</strong></span> <span class='ocrx_word' id='word_1_475' title='bbox 1229 3491 1811 3555; x_wconf 75' lang='lat' dir='ltr'><strong>ctinsaeeulumsreculi.Pscimusxn1v.</strong></span> 
     </span>
     <span class='ocr_line' id='line_1_38' title="bbox 281 3571 1958 3657; baseline 0.009 -29"><span class='ocrx_word' id='word_1_476' title='bbox 281 3571 1075 3653; x_wconf 69' lang='lat' dir='ltr'><strong>tili,desideriumjustorumomuebonumest:prm</strong></span> <span class='ocrx_word' id='word_1_477' title='bbox 1166 3579 1279 3637; x_wconf 79' lang='lat' dir='ltr'><strong>Oratio.</strong></span> <span class='ocrx_word' id='word_1_478' title='bbox 1296 3582 1958 3657; x_wconf 78' lang='lat' dir='ltr'><strong>Fecnostlominediligerejustitiametcdire</strong></span> 
     </span>
     <span class='ocr_line' id='line_1_39' title="bbox 246 3658 1960 3749; baseline 0.012 -33"><span class='ocrx_word' id='word_1_479' title='bbox 246 3658 531 3733; x_wconf 85' lang='lat' dir='ltr'><strong>stolaticimpiorum</strong></span> <span class='ocrx_word' id='word_1_480' title='bbox 541 3663 636 3722; x_wconf 82' lang='lat' dir='ltr'><strong>furor.</strong></span> <span class='ocrx_word' id='word_1_481' title='bbox 646 3664 700 3722; x_wconf 82' lang='lat' dir='ltr'><strong>Alii</strong></span> <span class='ocrx_word' id='word_1_482' title='bbox 710 3665 1076 3740; x_wconf 85' lang='lat' dir='ltr'><strong>dividuaipropria,etdi·</strong></span> <span class='ocrx_word' id='word_1_483' title='bbox 1130 3668 1318 3742; x_wconf 86' lang='lat' dir='ltr'><strong>iniquitatem</strong></span> <span class='ocrx_word' id='word_1_484' title='bbox 1335 3673 1960 3749; x_wconf 87' lang='lat' dir='ltr'><strong>:ecperte,speciemquetuametpulchri-</strong></span> 
     </span>
     <span class='ocr_line' id='line_1_40' title="bbox 244 3745 1958 3829; baseline 0.012 -25"><span class='ocrx_word' id='word_1_485' title='bbox 244 3745 440 3808; x_wconf 87' lang='lat' dir='ltr'><strong>ticrestiuat:</strong></span> <span class='ocrx_word' id='word_1_486' title='bbox 456 3748 508 3807; x_wconf 89' lang='lat' dir='ltr'><strong>atii</strong></span> <span class='ocrx_word' id='word_1_487' title='bbox 518 3751 785 3824; x_wconf 84' lang='lat' dir='ltr'><strong>rapiuntnonsua,</strong></span> <span class='ocrx_word' id='word_1_488' title='bbox 798 3757 996 3829; x_wconf 86' lang='lat' dir='ltr'><strong>etsemperin</strong></span> <span class='ocrx_word' id='word_1_489' title='bbox 1007 3772 1075 3828; x_wconf 85' lang='lat' dir='ltr'><strong>ege·</strong></span> <span class='ocrx_word' id='word_1_490' title='bbox 1130 3758 1264 3817; x_wconf 89' lang='lat' dir='ltr'><strong>tudinem</strong></span> <span class='ocrx_word' id='word_1_491' title='bbox 1273 3765 1434 3829; x_wconf 87' lang='lat' dir='ltr'><strong>currentes,</strong></span> <span class='ocrx_word' id='word_1_492' title='bbox 1444 3761 1573 3820; x_wconf 89' lang='lat' dir='ltr'><strong>deducat</strong></span> <span class='ocrx_word' id='word_1_493' title='bbox 1582 3779 1638 3822; x_wconf 88' lang='lat' dir='ltr'><strong>uos</strong></span> <span class='ocrx_word' id='word_1_494' title='bbox 1648 3763 1823 3823; x_wconf 87' lang='lat' dir='ltr'><strong>mirabiliter</strong></span> <span class='ocrx_word' id='word_1_495' title='bbox 1832 3765 1958 3824; x_wconf 84' lang='lat' dir='ltr'><strong>dextera</strong></span> 
     </span>
     <span class='ocr_line' id='line_1_41' title="bbox 245 3836 1957 3917; baseline 0.012 -27"><span class='ocrx_word' id='word_1_496' title='bbox 245 3837 414 3894; x_wconf 82' lang='lat' dir='ltr'><strong>statesuut.</strong></span> <span class='ocrx_word' id='word_1_497' title='bbox 423 3836 541 3909; x_wconf 79' lang='lat' dir='ltr'><strong>Anima,</strong></span> <span class='ocrx_word' id='word_1_498' title='bbox 556 3855 626 3913; x_wconf 78' lang='lat' dir='ltr'><strong>que</strong></span> <span class='ocrx_word' id='word_1_499' title='bbox 639 3840 799 3909; x_wconf 75' lang='lat' dir='ltr'><strong>benedicit,</strong></span> <span class='ocrx_word' id='word_1_500' title='bbox 812 3842 1052 3917; x_wconf 84' lang='lat' dir='ltr'><strong>impinguabitur</strong></span> <span class='ocrx_word' id='word_1_501' title='bbox 1067 3863 1075 3902; x_wconf 77' lang='lat' dir='ltr'><strong>s</strong></span> <span class='ocrx_word' id='word_1_502' title='bbox 1130 3851 1182 3908; x_wconf 88' lang='lat' dir='ltr'><strong>tua</strong></span> <span class='ocrx_word' id='word_1_503' title='bbox 1197 3865 1204 3905; x_wconf 89' lang='lat'>:</span> <span class='ocrx_word' id='word_1_504' title='bbox 1220 3853 1247 3906; x_wconf 90' lang='lat' dir='ltr'><strong>et</strong></span> <span class='ocrx_word' id='word_1_505' title='bbox 1262 3849 1440 3908; x_wconf 86' lang='lat' dir='ltr'><strong>mortificata</strong></span> <span class='ocrx_word' id='word_1_506' title='bbox 1449 3851 1480 3908; x_wconf 91' lang='lat' dir='ltr'><strong>in</strong></span> <span class='ocrx_word' id='word_1_507' title='bbox 1491 3851 1577 3908; x_wconf 87' lang='lat' dir='ltr'><strong>nohis</strong></span> <span class='ocrx_word' id='word_1_508' title='bbox 1591 3852 1740 3910; x_wconf 85' lang='lat' dir='ltr'><strong>incentiva</strong></span> <span class='ocrx_word' id='word_1_509' title='bbox 1749 3853 1957 3912; x_wconf 77' lang='lat' dir='ltr'><strong>fornicatiouis</strong></span> 
     </span>
     <span class='ocr_line' id='line_1_42' title="bbox 245 3923 1958 4012; baseline 0.011 -32"><span class='ocrx_word' id='word_1_510' title='bbox 245 3927 276 3982; x_wconf 88' lang='lat' dir='ltr'><strong>et</strong></span> <span class='ocrx_word' id='word_1_511' title='bbox 286 3923 341 3996; x_wconf 77' lang='lat' dir='ltr'><strong>qiu</strong></span> <span class='ocrx_word' id='word_1_512' title='bbox 359 3923 497 3997; x_wconf 88' lang='lat' dir='ltr'><strong>inebriat,</strong></span> <span class='ocrx_word' id='word_1_513' title='bbox 509 3926 704 4004; x_wconf 83' lang='lat' dir='ltr'><strong>ipseqaoquc</strong></span> <span class='ocrx_word' id='word_1_514' title='bbox 715 3929 924 3990; x_wconf 84' lang='lat' dir='ltr'><strong>inebriabitur.</strong></span> <span class='ocrx_word' id='word_1_515' title='bbox 937 3933 995 3999; x_wconf 79' lang='lat' dir='ltr'><strong>Qui</strong></span> <span class='ocrx_word' id='word_1_516' title='bbox 1005 3933 1073 3990; x_wconf 88' lang='lat' dir='ltr'><strong>abs·</strong></span> <span class='ocrx_word' id='word_1_517' title='bbox 1129 3935 1263 4003; x_wconf 90' lang='lat' dir='ltr'><strong>libidine,</strong></span> <span class='ocrx_word' id='word_1_518' title='bbox 1278 3939 1401 4011; x_wconf 86' lang='lat' dir='ltr'><strong>accinge</strong></span> <span class='ocrx_word' id='word_1_519' title='bbox 1414 3937 1535 3998; x_wconf 90' lang='lat' dir='ltr'><strong>lumbos</strong></span> <span class='ocrx_word' id='word_1_520' title='bbox 1552 3945 1673 3998; x_wconf 77' lang='lat' dir='ltr'><strong>nocuos</strong></span> <span class='ocrx_word' id='word_1_521' title='bbox 1685 3940 1787 4012; x_wconf 86' lang='lat' dir='ltr'><strong>gladio</strong></span> <span class='ocrx_word' id='word_1_522' title='bbox 1809 3941 1958 4003; x_wconf 84' lang='lat' dir='ltr'><strong>eastitatis</strong></span> 
     </span>
     <span class='ocr_line' id='line_1_43' title="bbox 245 4011 1288 4097; baseline 0.007 -23"><span class='ocrx_word' id='word_1_523' title='bbox 245 4011 518 4085; x_wconf 82' lang='lat' dir='ltr'><strong>conditirumenta,</strong></span> <span class='ocrx_word' id='word_1_524' title='bbox 530 4017 1076 4094; x_wconf 79' lang='lat' dir='ltr'><strong>malediceturinpcpuloebensdietio</strong></span> <span class='ocrx_word' id='word_1_525' title='bbox 1130 4034 1163 4097; x_wconf 69' lang='lat' dir='ltr'><strong>te.</strong></span> <span class='ocrx_word' id='word_1_526' title='bbox 1183 4027 1288 4083; x_wconf 80' lang='lat' dir='ltr'><strong>Amen.</strong></span> 
     </span>
    </p>

    <p class='ocr_par' dir='ltr' id='par_1_22' title="bbox 247 4105 1229 4185">
     <span class='ocr_line' id='line_1_44' title="bbox 247 4105 1229 4185; baseline 0.01 -25"><span class='ocrx_word' id='word_1_527' title='bbox 247 4105 349 4160; x_wconf 88' lang='lat' dir='ltr'><strong>autem</strong></span> <span class='ocrx_word' id='word_1_528' title='bbox 368 4118 460 4177; x_wconf 86' lang='lat' dir='ltr'><strong>super</strong></span> <span class='ocrx_word' id='word_1_529' title='bbox 478 4111 570 4180; x_wconf 86' lang='lat' dir='ltr'><strong>ceput</strong></span> <span class='ocrx_word' id='word_1_530' title='bbox 590 4107 798 4169; x_wconf 85' lang='lat' dir='ltr'><strong>vendentium.</strong></span> <span class='ocrx_word' id='word_1_531' title='bbox 820 4113 898 4168; x_wconf 87' lang='lat' dir='ltr'><strong>Bene</strong></span> <span class='ocrx_word' id='word_1_532' title='bbox 923 4111 1078 4185; x_wconf 86' lang='lat' dir='ltr'><strong>consurgit</strong></span> <span class='ocrx_word' id='word_1_533' title='bbox 1167 4115 1229 4170; x_wconf 84' lang='lat' dir='ltr'><strong>Per.</strong></span> 
     </span>
    </p>

    <p class='ocr_par' dir='ltr' id='par_1_23' title="bbox 246 4187 1958 4361">
     <span class='ocr_line' id='line_1_45' title="bbox 246 4187 1958 4272; baseline 0.011 -25"><span class='ocrx_word' id='word_1_534' title='bbox 246 4187 380 4250; x_wconf 70' lang='lat' dir='ltr'><strong>musmo</strong></span> <span class='ocrx_word' id='word_1_535' title='bbox 398 4193 452 4266; x_wconf 86' lang='lat' dir='ltr'><strong>qui</strong></span> <span class='ocrx_word' id='word_1_536' title='bbox 464 4196 572 4266; x_wconf 76' lang='lat' dir='ltr'><strong>quaerit</strong></span> <span class='ocrx_word' id='word_1_537' title='bbox 584 4196 668 4255; x_wconf 88' lang='lat' dir='ltr'><strong>bona</strong></span> <span class='ocrx_word' id='word_1_538' title='bbox 681 4212 689 4265; x_wconf 76' lang='grc' dir='ltr'>ς</span> <span class='ocrx_word' id='word_1_539' title='bbox 701 4199 756 4272; x_wconf 84' lang='lat' dir='ltr'><strong>qui</strong></span> <span class='ocrx_word' id='word_1_540' title='bbox 770 4199 1078 4272; x_wconf 84' lang='lat' dir='ltr'><strong>auteminscstigator</strong></span> <span class='ocrx_word' id='word_1_541' title='bbox 1165 4202 1376 4272; x_wconf 70' lang='lat' dir='ltr'><strong>antiphonae.</strong></span> <span class='ocrx_word' id='word_1_542' title='bbox 1388 4204 1531 4263; x_wconf 80' lang='lat' dir='ltr'><strong>hominus</strong></span> <span class='ocrx_word' id='word_1_543' title='bbox 1543 4205 1849 4266; x_wconf 85' lang='lat' dir='ltr'><strong>virtutumuobiscum</strong></span> <span class='ocrx_word' id='word_1_544' title='bbox 1864 4223 1872 4264; x_wconf 76' lang='lat' dir='ltr'><strong>r</strong></span> <span class='ocrx_word' id='word_1_545' title='bbox 1890 4223 1958 4265; x_wconf 91' lang='lat' dir='ltr'><strong>sus-</strong></span> 
     </span>
     <span class='ocr_line' id='line_1_46' title="bbox 247 4277 1772 4361; baseline 0.012 -24"><span class='ocrx_word' id='word_1_546' title='bbox 247 4277 397 4338; x_wconf 89' lang='lat' dir='ltr'><strong>malorum</strong></span> <span class='ocrx_word' id='word_1_547' title='bbox 416 4285 472 4348; x_wconf 89' lang='lat' dir='ltr'><strong>est,</strong></span> <span class='ocrx_word' id='word_1_548' title='bbox 484 4282 673 4357; x_wconf 85' lang='lat' dir='ltr'><strong>opprimetur</strong></span> <span class='ocrx_word' id='word_1_549' title='bbox 689 4286 731 4343; x_wconf 88' lang='lat' dir='ltr'><strong>ab</strong></span> <span class='ocrx_word' id='word_1_550' title='bbox 746 4286 800 4344; x_wconf 89' lang='lat' dir='ltr'><strong>eis.</strong></span> <span class='ocrx_word' id='word_1_551' title='bbox 824 4287 882 4354; x_wconf 84' lang='lat' dir='ltr'><strong>Qui</strong></span> <span class='ocrx_word' id='word_1_552' title='bbox 906 4288 1031 4346; x_wconf 88' lang='lat' dir='ltr'><strong>contidit</strong></span> <span class='ocrx_word' id='word_1_553' title='bbox 1045 4288 1077 4346; x_wconf 92' lang='lat' dir='ltr'><strong>iu</strong></span> <span class='ocrx_word' id='word_1_554' title='bbox 1131 4293 1231 4361; x_wconf 87' lang='lat' dir='ltr'><strong>ceptor</strong></span> <span class='ocrx_word' id='word_1_555' title='bbox 1245 4293 1344 4347; x_wconf 76' lang='lat' dir='ltr'><strong>uostm</strong></span> <span class='ocrx_word' id='word_1_556' title='bbox 1355 4291 1434 4349; x_wconf 91' lang='lat' dir='ltr'><strong>Deus</strong></span> <span class='ocrx_word' id='word_1_557' title='bbox 1444 4293 1546 4350; x_wconf 83' lang='lat' dir='ltr'><strong>iacob.</strong></span> <span class='ocrx_word' id='word_1_558' title='bbox 1560 4294 1772 4356; x_wconf 80' lang='lat' dir='ltr'><strong>Peclmttsxnr.</strong></span> 
     </span>
    </p>

    <p class='ocr_par' dir='ltr' id='par_1_24' title="bbox 247 4366 1959 4454">
     <span class='ocr_line' id='line_1_47' title="bbox 247 4366 1959 4454; baseline 0.01 -28"><span class='ocrx_word' id='word_1_559' title='bbox 247 4366 357 4426; x_wconf 76' lang='lat' dir='ltr'><strong>divitia</strong></span> <span class='ocrx_word' id='word_1_560' title='bbox 370 4368 445 4438; x_wconf 88' lang='lat' dir='ltr'><strong>suis,</strong></span> <span class='ocrx_word' id='word_1_561' title='bbox 454 4376 591 4430; x_wconf 86' lang='lat' dir='ltr'><strong>corruet:</strong></span> <span class='ocrx_word' id='word_1_562' title='bbox 603 4372 680 4444; x_wconf 83' lang='lat' dir='ltr'><strong>justi</strong></span> <span class='ocrx_word' id='word_1_563' title='bbox 690 4379 792 4433; x_wconf 87' lang='lat' dir='ltr'><strong>autem</strong></span> <span class='ocrx_word' id='word_1_564' title='bbox 810 4375 899 4449; x_wconf 88' lang='lat' dir='ltr'><strong>quasi</strong></span> <span class='ocrx_word' id='word_1_565' title='bbox 921 4378 1021 4434; x_wconf 76' lang='lat' dir='ltr'><strong>uirens</strong></span> <span class='ocrx_word' id='word_1_566' title='bbox 1033 4376 1077 4436; x_wconf 88' lang='lat' dir='ltr'><strong>io·</strong></span> <span class='ocrx_word' id='word_1_567' title='bbox 1167 4377 1279 4434; x_wconf 81' lang='lat' dir='ltr'><strong>Oratio.</strong></span> <span class='ocrx_word' id='word_1_568' title='bbox 1296 4380 1386 4448; x_wconf 85' lang='lat' dir='ltr'><strong>Deus,</strong></span> <span class='ocrx_word' id='word_1_569' title='bbox 1401 4381 1494 4437; x_wconf 83' lang='lat' dir='ltr'><strong>virtus</strong></span> <span class='ocrx_word' id='word_1_570' title='bbox 1511 4385 1539 4439; x_wconf 89' lang='lat' dir='ltr'><strong>et</strong></span> <span class='ocrx_word' id='word_1_571' title='bbox 1556 4381 1706 4454; x_wconf 80' lang='lat' dir='ltr'><strong>retugium</strong></span> <span class='ocrx_word' id='word_1_572' title='bbox 1720 4389 1865 4452; x_wconf 86' lang='lat' dir='ltr'><strong>nostrum,</strong></span> <span class='ocrx_word' id='word_1_573' title='bbox 1890 4388 1959 4443; x_wconf 86' lang='lat' dir='ltr'><strong>esto</strong></span> 
     </span>
    </p>

    <p class='ocr_par' dir='ltr' id='par_1_25' title="bbox 248 4448 1961 4537">
     <span class='ocr_line' id='line_1_48' title="bbox 248 4448 1961 4537; baseline 0.012 -24"><span class='ocrx_word' id='word_1_574' title='bbox 248 4455 323 4515; x_wconf 91' lang='lat' dir='ltr'><strong>lium</strong></span> <span class='ocrx_word' id='word_1_575' title='bbox 334 4456 560 4529; x_wconf 85' lang='lat' dir='ltr'><strong>germinabunt.</strong></span> <span class='ocrx_word' id='word_1_576' title='bbox 582 4461 638 4526; x_wconf 81' lang='lat' dir='ltr'><strong>Qui</strong></span> <span class='ocrx_word' id='word_1_577' title='bbox 651 4462 812 4521; x_wconf 86' lang='lat' dir='ltr'><strong>conturbat</strong></span> <span class='ocrx_word' id='word_1_578' title='bbox 832 4464 961 4522; x_wconf 93' lang='lat' dir='ltr'><strong>domum</strong></span> <span class='ocrx_word' id='word_1_579' title='bbox 975 4480 1076 4536; x_wconf 88' lang='lat' dir='ltr'><strong>suam,</strong></span> <span class='ocrx_word' id='word_1_580' title='bbox 1092 4448 1114 4500; x_wconf 77' lang='lat'><strong>⁰</strong></span> <span class='ocrx_word' id='word_1_581' title='bbox 1130 4463 1219 4523; x_wconf 89' lang='lat' dir='ltr'><strong>uobis</strong></span> <span class='ocrx_word' id='word_1_582' title='bbox 1228 4465 1348 4537; x_wconf 76' lang='lat' dir='ltr'><strong>adiutor</strong></span> <span class='ocrx_word' id='word_1_583' title='bbox 1358 4467 1389 4523; x_wconf 91' lang='lat' dir='ltr'><strong>iu</strong></span> <span class='ocrx_word' id='word_1_584' title='bbox 1403 4467 1608 4530; x_wconf 88' lang='lat' dir='ltr'><strong>tribulatione:</strong></span> <span class='ocrx_word' id='word_1_585' title='bbox 1619 4471 1738 4530; x_wconf 91' lang='lat' dir='ltr'><strong>utnulto</strong></span> <span class='ocrx_word' id='word_1_586' title='bbox 1749 4473 1841 4532; x_wconf 90' lang='lat' dir='ltr'><strong>modo</strong></span> <span class='ocrx_word' id='word_1_587' title='bbox 1851 4478 1961 4533; x_wconf 86' lang='lat' dir='ltr'><strong>nostra</strong></span> 
     </span>
    </p>

    <p class='ocr_par' dir='ltr' id='par_1_26' title="bbox 247 4545 1962 4630">
     <span class='ocr_line' id='line_1_49' title="bbox 247 4545 1962 4630; baseline 0.009 -27"><span class='ocrx_word' id='word_1_588' title='bbox 247 4545 497 4619; x_wconf 84' lang='lat' dir='ltr'><strong>possidetreutos</strong></span> <span class='ocrx_word' id='word_1_589' title='bbox 513 4563 520 4603; x_wconf 92' lang='lat'><strong>:</strong></span> <span class='ocrx_word' id='word_1_590' title='bbox 537 4548 805 4623; x_wconf 89' lang='lat' dir='ltr'><strong>etquistultusest,</strong></span> <span class='ocrx_word' id='word_1_591' title='bbox 820 4552 1076 4625; x_wconf 82' lang='lat' dir='ltr'><strong>servietsapienti.</strong></span> <span class='ocrx_word' id='word_1_592' title='bbox 1131 4555 1962 4630; x_wconf 84' lang='lat' dir='ltr'><strong>metuatccnscieutia,cumiejudicenteconturbataiue·</strong></span> 
     </span>
    </p>

    <p class='ocr_par' dir='ltr' id='par_1_27' title="bbox 249 4634 1961 4723">
     <span class='ocr_line' id='line_1_50' title="bbox 249 4634 1961 4723; baseline 0.008 -30"><span class='ocrx_word' id='word_1_593' title='bbox 249 4637 372 4693; x_wconf 80' lang='lat' dir='ltr'><strong>Fructus</strong></span> <span class='ocrx_word' id='word_1_594' title='bbox 380 4634 532 4705; x_wconf 84' lang='lat' dir='ltr'><strong>justorum</strong></span> <span class='ocrx_word' id='word_1_595' title='bbox 545 4635 662 4708; x_wconf 91' lang='lat' dir='ltr'><strong>lignum</strong></span> <span class='ocrx_word' id='word_1_596' title='bbox 671 4637 759 4707; x_wconf 82' lang='lat' dir='ltr'><strong>vitoe;</strong></span> <span class='ocrx_word' id='word_1_597' title='bbox 774 4645 804 4698; x_wconf 88' lang='grc' dir='ltr'>οι</span> <span class='ocrx_word' id='word_1_598' title='bbox 814 4641 867 4714; x_wconf 88' lang='lat' dir='ltr'><strong>qui</strong></span> <span class='ocrx_word' id='word_1_599' title='bbox 873 4641 998 4714; x_wconf 87' lang='lat' dir='ltr'><strong>suscipit</strong></span> <span class='ocrx_word' id='word_1_600' title='bbox 1011 4642 1078 4700; x_wconf 90' lang='lat' dir='ltr'><strong>aui·</strong></span> <span class='ocrx_word' id='word_1_601' title='bbox 1131 4641 1252 4700; x_wconf 89' lang='lat' dir='ltr'><strong>ritterra</strong></span> <span class='ocrx_word' id='word_1_602' title='bbox 1267 4661 1273 4702; x_wconf 94' lang='lat'><strong>:</strong></span> <span class='ocrx_word' id='word_1_603' title='bbox 1291 4641 1423 4700; x_wconf 90' lang='lat' dir='ltr'><strong>lluminis</strong></span> <span class='ocrx_word' id='word_1_604' title='bbox 1431 4646 1473 4703; x_wconf 88' lang='lat' dir='ltr'><strong>tui</strong></span> <span class='ocrx_word' id='word_1_605' title='bbox 1480 4645 1619 4719; x_wconf 89' lang='lat' dir='ltr'><strong>impetus,</strong></span> <span class='ocrx_word' id='word_1_606' title='bbox 1634 4652 1792 4723; x_wconf 88' lang='lat' dir='ltr'><strong>tamquam</strong></span> <span class='ocrx_word' id='word_1_607' title='bbox 1801 4649 1833 4708; x_wconf 90' lang='lat' dir='ltr'><strong>ia</strong></span> <span class='ocrx_word' id='word_1_608' title='bbox 1843 4650 1961 4708; x_wconf 88' lang='lat' dir='ltr'><strong>sanctis</strong></span> 
     </span>
    </p>

    <p class='ocr_par' dir='ltr' id='par_1_28' title="bbox 250 4721 1963 4809">
     <span class='ocr_line' id='line_1_51' title="bbox 250 4721 1963 4809; baseline 0.009 -28"><span class='ocrx_word' id='word_1_609' title='bbox 250 4739 346 4796; x_wconf 86' lang='lat' dir='ltr'><strong>maur,</strong></span> <span class='ocrx_word' id='word_1_610' title='bbox 355 4721 541 4796; x_wconf 82' lang='lat' dir='ltr'><strong>septensest.</strong></span> <span class='ocrx_word' id='word_1_611' title='bbox 554 4725 584 4780; x_wconf 86' lang='lat' dir='ltr'><strong>Si</strong></span> <span class='ocrx_word' id='word_1_612' title='bbox 594 4725 694 4797; x_wconf 81' lang='lat' dir='ltr'><strong>justus</strong></span> <span class='ocrx_word' id='word_1_613' title='bbox 705 4727 832 4787; x_wconf 75' lang='lat' dir='ltr'><strong>murra</strong></span> <span class='ocrx_word' id='word_1_614' title='bbox 840 4729 954 4802; x_wconf 90' lang='lat' dir='ltr'><strong>recipit,</strong></span> <span class='ocrx_word' id='word_1_615' title='bbox 963 4733 1078 4804; x_wconf 79' lang='lat' dir='ltr'><strong>quanto</strong></span> <span class='ocrx_word' id='word_1_616' title='bbox 1131 4730 1190 4787; x_wconf 87' lang='lat' dir='ltr'><strong>tuis</strong></span> <span class='ocrx_word' id='word_1_617' title='bbox 1201 4728 1351 4799; x_wconf 88' lang='lat' dir='ltr'><strong>habitans,</strong></span> <span class='ocrx_word' id='word_1_618' title='bbox 1364 4731 1652 4793; x_wconf 80' lang='lat' dir='ltr'><strong>laetilicattlivitatem</strong></span> <span class='ocrx_word' id='word_1_619' title='bbox 1661 4738 1963 4809; x_wconf 86' lang='lat' dir='ltr'><strong>:atqueineasumat</strong></span> 
     </span>
    </p>

    <p class='ocr_par' dir='ltr' id='par_1_29' title="bbox 250 4813 1962 5068">
     <span class='ocr_line' id='line_1_52' title="bbox 250 4813 1962 4898; baseline 0.009 -29"><span class='ocrx_word' id='word_1_620' title='bbox 250 4815 349 4886; x_wconf 84' lang='lat' dir='ltr'><strong>magis</strong></span> <span class='ocrx_word' id='word_1_621' title='bbox 366 4813 479 4888; x_wconf 82' lang='lat' dir='ltr'><strong>impius</strong></span> <span class='ocrx_word' id='word_1_622' title='bbox 490 4818 520 4875; x_wconf 87' lang='lat' dir='ltr'><strong>ct</strong></span> <span class='ocrx_word' id='word_1_623' title='bbox 537 4820 679 4890; x_wconf 86' lang='lat' dir='ltr'><strong>peccator</strong></span> <span class='ocrx_word' id='word_1_624' title='bbox 691 4820 706 4877; x_wconf 83' lang='lat' dir='ltr'><strong>i</strong></span> <span class='ocrx_word' id='word_1_625' title='bbox 720 4819 810 4892; x_wconf 81' lang='lat' dir='ltr'><strong>(cap.</strong></span> <span class='ocrx_word' id='word_1_626' title='bbox 828 4822 889 4894; x_wconf 79' lang='lat' dir='ltr'><strong>sn.)</strong></span> <span class='ocrx_word' id='word_1_627' title='bbox 901 4821 958 4889; x_wconf 84' lang='lat' dir='ltr'><strong>Qui</strong></span> <span class='ocrx_word' id='word_1_628' title='bbox 982 4821 1080 4894; x_wconf 89' lang='lat' dir='ltr'><strong>diligit</strong></span> <span class='ocrx_word' id='word_1_629' title='bbox 1131 4834 1168 4877; x_wconf 82' lang='lat' dir='ltr'><strong>ex</strong></span> <span class='ocrx_word' id='word_1_630' title='bbox 1181 4817 1262 4876; x_wconf 87' lang='lat' dir='ltr'><strong>vultu</strong></span> <span class='ocrx_word' id='word_1_631' title='bbox 1277 4823 1328 4876; x_wconf 91' lang='lat' dir='ltr'><strong>tuo</strong></span> <span class='ocrx_word' id='word_1_632' title='bbox 1343 4819 1528 4892; x_wconf 86' lang='lat' dir='ltr'><strong>adjutorium</strong></span> <span class='ocrx_word' id='word_1_633' title='bbox 1544 4841 1550 4876; x_wconf 77' lang='grc' dir='ltr'><strong>ε</strong></span> <span class='ocrx_word' id='word_1_634' title='bbox 1566 4839 1636 4880; x_wconf 90' lang='lat' dir='ltr'><strong>cum</strong></span> <span class='ocrx_word' id='word_1_635' title='bbox 1653 4824 1751 4882; x_wconf 88' lang='lat' dir='ltr'><strong>Sancti</strong></span> <span class='ocrx_word' id='word_1_636' title='bbox 1766 4827 1899 4898; x_wconf 89' lang='lat' dir='ltr'><strong>Spiritus,</strong></span> <span class='ocrx_word' id='word_1_637' title='bbox 1929 4832 1962 4884; x_wconf 90' lang='grc' dir='ltr'>ιο</span> 
     </span>
     <span class='ocr_line' id='line_1_53' title="bbox 250 4899 1768 4984; baseline 0.009 -26"><span class='ocrx_word' id='word_1_638' title='bbox 250 4899 450 4977; x_wconf 89' lang='lat' dir='ltr'><strong>disciplinam,</strong></span> <span class='ocrx_word' id='word_1_639' title='bbox 463 4903 559 4978; x_wconf 87' lang='lat' dir='ltr'><strong>diligit</strong></span> <span class='ocrx_word' id='word_1_640' title='bbox 574 4906 751 4969; x_wconf 86' lang='lat' dir='ltr'><strong>scientiam:</strong></span> <span class='ocrx_word' id='word_1_641' title='bbox 771 4910 821 4984; x_wconf 84' lang='lat' dir='ltr'><strong>qui</strong></span> <span class='ocrx_word' id='word_1_642' title='bbox 839 4915 940 4970; x_wconf 85' lang='lat' dir='ltr'><strong>autem</strong></span> <span class='ocrx_word' id='word_1_643' title='bbox 953 4909 1018 4969; x_wconf 90' lang='lat' dir='ltr'><strong>odit</strong></span> <span class='ocrx_word' id='word_1_644' title='bbox 1035 4910 1079 4967; x_wconf 92' lang='lat' dir='ltr'><strong>iu·</strong></span> <span class='ocrx_word' id='word_1_645' title='bbox 1131 4906 1285 4977; x_wconf 86' lang='lat' dir='ltr'><strong>largiente,</strong></span> <span class='ocrx_word' id='word_1_646' title='bbox 1301 4911 1465 4983; x_wconf 90' lang='lat' dir='ltr'><strong>perceperit</strong></span> <span class='ocrx_word' id='word_1_647' title='bbox 1478 4911 1603 4970; x_wconf 88' lang='lat' dir='ltr'><strong>donum.</strong></span> <span class='ocrx_word' id='word_1_648' title='bbox 1620 4923 1654 4983; x_wconf 71' lang='lat' dir='ltr'><strong>tt.</strong></span> <span class='ocrx_word' id='word_1_649' title='bbox 1664 4916 1768 4972; x_wconf 81' lang='lat' dir='ltr'><strong>Amen.</strong></span> 
     </span>
     <span class='ocr_line' id='line_1_54' title="bbox 250 4989 1479 5068; baseline 0.007 -22"><span class='ocrx_word' id='word_1_650' title='bbox 250 4989 603 5068; x_wconf 84' lang='lat' dir='ltr'><strong>crepatioues,insipiens</strong></span> <span class='ocrx_word' id='word_1_651' title='bbox 616 5001 670 5053; x_wconf 89' lang='lat' dir='ltr'><strong>est.</strong></span> <span class='ocrx_word' id='word_1_652' title='bbox 694 4997 751 5064; x_wconf 85' lang='lat' dir='ltr'><strong>Qui</strong></span> <span class='ocrx_word' id='word_1_653' title='bbox 775 4996 873 5057; x_wconf 90' lang='lat' dir='ltr'><strong>bonus</strong></span> <span class='ocrx_word' id='word_1_654' title='bbox 899 5002 944 5057; x_wconf 89' lang='lat' dir='ltr'><strong>est</strong></span> <span class='ocrx_word' id='word_1_655' title='bbox 960 4999 1078 5057; x_wconf 86' lang='lat' dir='ltr'><strong>hauriet</strong></span> <span class='ocrx_word' id='word_1_656' title='bbox 1166 4997 1220 5056; x_wconf 88' lang='lat' dir='ltr'><strong>Per</strong></span> <span class='ocrx_word' id='word_1_657' title='bbox 1233 4997 1479 5056; x_wconf 83' lang='lat' dir='ltr'><strong>misericordiam.</strong></span> 
     </span>
    </p>

    <p class='ocr_par' dir='ltr' id='par_1_30' title="bbox 252 5075 1963 5162">
     <span class='ocr_line' id='line_1_55' title="bbox 252 5075 1963 5162; baseline 0.008 -28"><span class='ocrx_word' id='word_1_658' title='bbox 252 5075 476 5149; x_wconf 84' lang='lat' dir='ltr'><strong>sibtgrsttana</strong></span> <span class='ocrx_word' id='word_1_659' title='bbox 488 5082 616 5142; x_wconf 84' lang='lat' dir='ltr'><strong>Domino</strong></span> <span class='ocrx_word' id='word_1_660' title='bbox 631 5102 639 5141; x_wconf 75' lang='grc' dir='ltr'><strong><em>ε</em></strong></span> <span class='ocrx_word' id='word_1_661' title='bbox 655 5085 708 5158; x_wconf 90' lang='lat' dir='ltr'><strong>qui</strong></span> <span class='ocrx_word' id='word_1_662' title='bbox 721 5091 822 5145; x_wconf 68' lang='lat' dir='ltr'><strong>aarum</strong></span> <span class='ocrx_word' id='word_1_663' title='bbox 843 5085 967 5144; x_wconf 87' lang='lat' dir='ltr'><strong>contidit</strong></span> <span class='ocrx_word' id='word_1_664' title='bbox 983 5085 1015 5143; x_wconf 93' lang='lat' dir='ltr'><strong>in</strong></span> <span class='ocrx_word' id='word_1_665' title='bbox 1028 5100 1078 5143; x_wconf 91' lang='lat' dir='ltr'><strong>co·</strong></span> <span class='ocrx_word' id='word_1_666' title='bbox 1167 5086 1343 5156; x_wconf 77' lang='lat' dir='ltr'><strong>Antiphone</strong></span> <span class='ocrx_word' id='word_1_667' title='bbox 1358 5091 1383 5143; x_wconf 86' lang='grc'><strong>3.</strong></span> <span class='ocrx_word' id='word_1_668' title='bbox 1401 5089 1478 5144; x_wconf 83' lang='lat' dir='ltr'><strong>heus</strong></span> <span class='ocrx_word' id='word_1_669' title='bbox 1488 5087 1650 5146; x_wconf 91' lang='lat' dir='ltr'><strong>innomine</strong></span> <span class='ocrx_word' id='word_1_670' title='bbox 1662 5089 1819 5148; x_wconf 88' lang='lat' dir='ltr'><strong>tucsalvos</strong></span> <span class='ocrx_word' id='word_1_671' title='bbox 1833 5090 1963 5162; x_wconf 85' lang='lat' dir='ltr'><strong>nostae,</strong></span> 
     </span>
    </p>

    <p class='ocr_par' dir='ltr' id='par_1_31' title="bbox 251 5166 1966 5247">
     <span class='ocr_line' id='line_1_56' title="bbox 251 5166 1966 5247; baseline 0.006 -20"><span class='ocrx_word' id='word_1_672' title='bbox 251 5166 449 5240; x_wconf 88' lang='lat' dir='ltr'><strong>gitationibus</strong></span> <span class='ocrx_word' id='word_1_673' title='bbox 467 5170 541 5243; x_wconf 89' lang='lat' dir='ltr'><strong>suis,</strong></span> <span class='ocrx_word' id='word_1_674' title='bbox 553 5173 645 5246; x_wconf 91' lang='lat' dir='ltr'><strong>impie</strong></span> <span class='ocrx_word' id='word_1_675' title='bbox 657 5176 730 5247; x_wconf 88' lang='lat' dir='ltr'><strong>agit.</strong></span> <span class='ocrx_word' id='word_1_676' title='bbox 743 5178 808 5234; x_wconf 91' lang='lat' dir='ltr'><strong>Non</strong></span> <span class='ocrx_word' id='word_1_677' title='bbox 816 5175 1009 5234; x_wconf 89' lang='lat' dir='ltr'><strong>roborabitur</strong></span> <span class='ocrx_word' id='word_1_678' title='bbox 1024 5175 1077 5232; x_wconf 91' lang='lat' dir='ltr'><strong>ho·</strong></span> <span class='ocrx_word' id='word_1_679' title='bbox 1132 5177 1161 5230; x_wconf 93' lang='lat' dir='ltr'><strong>et</strong></span> <span class='ocrx_word' id='word_1_680' title='bbox 1174 5173 1206 5230; x_wconf 91' lang='lat' dir='ltr'><strong>iu</strong></span> <span class='ocrx_word' id='word_1_681' title='bbox 1217 5173 1324 5230; x_wconf 87' lang='lat' dir='ltr'><strong>virtute</strong></span> <span class='ocrx_word' id='word_1_682' title='bbox 1337 5179 1389 5230; x_wconf 86' lang='lat' dir='ltr'><strong>tua</strong></span> <span class='ocrx_word' id='word_1_683' title='bbox 1398 5174 1491 5231; x_wconf 88' lang='lat' dir='ltr'><strong>libera</strong></span> <span class='ocrx_word' id='word_1_684' title='bbox 1503 5190 1569 5232; x_wconf 91' lang='lat' dir='ltr'><strong>nos.</strong></span> <span class='ocrx_word' id='word_1_685' title='bbox 1580 5177 1775 5236; x_wconf 83' lang='lat' dir='ltr'><strong>Deusexaudi</strong></span> <span class='ocrx_word' id='word_1_686' title='bbox 1789 5179 1966 5238; x_wconf 84' lang='lat' dir='ltr'><strong>orationem</strong></span> 
     </span>
    </p>

    <p class='ocr_par' dir='ltr' id='par_1_32' title="bbox 251 5256 1505 5336">
     <span class='ocr_line' id='line_1_57' title="bbox 251 5256 1505 5336; baseline 0.002 -19"><span class='ocrx_word' id='word_1_687' title='bbox 251 5273 352 5318; x_wconf 85' lang='lat' dir='ltr'><strong>mccx</strong></span> <span class='ocrx_word' id='word_1_688' title='bbox 364 5256 537 5332; x_wconf 87' lang='lat' dir='ltr'><strong>impietate:</strong></span> <span class='ocrx_word' id='word_1_689' title='bbox 552 5264 896 5336; x_wconf 84' lang='lat' dir='ltr'><strong>etredixjustorumnon</strong></span> <span class='ocrx_word' id='word_1_690' title='bbox 907 5279 1079 5324; x_wconf 84' lang='lat' dir='ltr'><strong>commove·</strong></span> <span class='ocrx_word' id='word_1_691' title='bbox 1134 5266 1275 5320; x_wconf 87' lang='lat' dir='ltr'><strong>nostram.</strong></span> <span class='ocrx_word' id='word_1_692' title='bbox 1294 5262 1432 5320; x_wconf 82' lang='lat' dir='ltr'><strong>Psalmus</strong></span> <span class='ocrx_word' id='word_1_693' title='bbox 1447 5279 1505 5320; x_wconf 81' lang='lat' dir='ltr'><strong>aru.</strong></span> 
     </span>
    </p>

    <p class='ocr_par' dir='ltr' id='par_1_33' title="bbox 250 5345 1966 5432">
     <span class='ocr_line' id='line_1_58' title="bbox 250 5345 1966 5432; baseline 0.006 -27"><span class='ocrx_word' id='word_1_694' title='bbox 250 5345 341 5406; x_wconf 90' lang='lat' dir='ltr'><strong>bitur.</strong></span> <span class='ocrx_word' id='word_1_695' title='bbox 354 5358 387 5420; x_wconf 68' lang='lat' dir='ltr'><strong>te.</strong></span> <span class='ocrx_word' id='word_1_696' title='bbox 398 5350 507 5407; x_wconf 77' lang='lat' dir='ltr'><strong>Amen.</strong></span> <span class='ocrx_word' id='word_1_697' title='bbox 1168 5359 1200 5420; x_wconf 73' lang='lat' dir='ltr'><strong>u.</strong></span> <span class='ocrx_word' id='word_1_698' title='bbox 1215 5349 1350 5416; x_wconf 88' lang='lat' dir='ltr'><strong>Domine,</strong></span> <span class='ocrx_word' id='word_1_699' title='bbox 1365 5349 1507 5408; x_wconf 87' lang='lat' dir='ltr'><strong>miserere</strong></span> <span class='ocrx_word' id='word_1_700' title='bbox 1520 5352 1609 5411; x_wconf 91' lang='lat' dir='ltr'><strong>nobis</strong></span> <span class='ocrx_word' id='word_1_701' title='bbox 1625 5373 1632 5412; x_wconf 77' lang='grc' dir='ltr'>ι</span> <span class='ocrx_word' id='word_1_702' title='bbox 1653 5359 1680 5412; x_wconf 90' lang='grc' dir='ltr'>ιο</span> <span class='ocrx_word' id='word_1_703' title='bbox 1695 5358 1776 5414; x_wconf 89' lang='lat' dir='ltr'><strong>enim</strong></span> <span class='ocrx_word' id='word_1_704' title='bbox 1790 5360 1966 5432; x_wconf 81' lang='lat' dir='ltr'><strong>expectavi-</strong></span> 
     </span>
    </p>

    <p class='ocr_par' dir='ltr' id='par_1_34' title="bbox 288 5435 1968 5604">
     <span class='ocr_line' id='line_1_59' title="bbox 394 5435 1967 5516; baseline 0.005 -20"><span class='ocrx_word' id='word_1_705' title='bbox 394 5436 494 5496; x_wconf 81' lang='lat' dir='ltr'><strong>Lectio</strong></span> <span class='ocrx_word' id='word_1_706' title='bbox 508 5437 580 5498; x_wconf 77' lang='lat' dir='ltr'><strong>libri</strong></span> <span class='ocrx_word' id='word_1_707' title='bbox 594 5437 711 5498; x_wconf 60' lang='lat' dir='ltr'><strong>&amp;cesis</strong></span> <span class='ocrx_word' id='word_1_708' title='bbox 730 5439 817 5509; x_wconf 77' lang='lat' dir='ltr'><strong>(cap.</strong></span> <span class='ocrx_word' id='word_1_709' title='bbox 833 5442 935 5512; x_wconf 81' lang='lat' dir='ltr'><strong>xnru).</strong></span> <span class='ocrx_word' id='word_1_710' title='bbox 1133 5435 1321 5498; x_wconf 87' lang='lat' dir='ltr'><strong>mustotedle</strong></span> <span class='ocrx_word' id='word_1_711' title='bbox 1337 5454 1344 5494; x_wconf 93' lang='lat'><strong>:</strong></span> <span class='ocrx_word' id='word_1_712' title='bbox 1360 5437 1967 5516; x_wconf 82' lang='lat' dir='ltr'><strong>estobrachiumnostruminfortitudine,</strong></span> 
     </span>
     <span class='ocr_line' id='line_1_60' title="bbox 288 5523 1968 5604; baseline 0.007 -21"><span class='ocrx_word' id='word_1_713' title='bbox 288 5525 533 5596; x_wconf 67' lang='lat' dir='ltr'><strong>tetlcogmtiss.</strong></span> <span class='ocrx_word' id='word_1_714' title='bbox 1132 5523 1376 5594; x_wconf 80' lang='lat' dir='ltr'><strong>etselusnostre.</strong></span> <span class='ocrx_word' id='word_1_715' title='bbox 1389 5527 1425 5587; x_wconf 84' lang='lat' dir='ltr'><strong>P.</strong></span> <span class='ocrx_word' id='word_1_716' title='bbox 1440 5529 1617 5604; x_wconf 85' lang='lat' dir='ltr'><strong>intempore</strong></span> <span class='ocrx_word' id='word_1_717' title='bbox 1633 5530 1885 5596; x_wconf 74' lang='lat' dir='ltr'><strong>cunctanter.</strong></span> <span class='ocrx_word' id='word_1_718' title='bbox 1900 5535 1968 5594; x_wconf 73' lang='lat' dir='ltr'><strong>llo</strong></span> 
     </span>
    </p>
   </div>
   <div class='ocr_carea' id='block_1_3' title="bbox 0 0 2068 6164">
    <p class='ocr_par' dir='ltr' id='par_1_35' title="bbox 0 0 2068 6164">
     <span class='ocr_line' id='line_1_61' title="bbox 0 0 2068 6164; baseline 0 0"><span class='ocrx_word' id='word_1_719' title='bbox 0 0 2068 6164; x_wconf 95' lang='lat' dir='ltr'><strong> </strong></span> 
     </span>
    </p>
   </div>
  </div>
 </body>
</html>
