4117 6175
908 223 1355 304 ssRuvtluttJttuottitcuu.
1894 227 1950 285 rtet

411 390 516 453 Christi
530 386 666 447 minister
676 394 732 453 ego
743 392 824 437 sum.
1109 367 1134 421 A
1148 377 1252 421 eorum
1266 358 1376 417 meritis
1385 352 1575 414 ebomuibus
1585 348 1802 409 maliolibererl
1812 352 1840 408 et
1852 366 1955 409 conser-

413 486 552 553 Quosque
564 474 668 535 videtis
683 469 795 535 Socios,
1148 451 1212 509 vari
1227 462 1405 506 mereamur.
1420 456 1453 514 tp.
1466 448 1571 499 Amen.
2026 451 2028 514 ι

414 572 497 630 Tales
506 570 611 626 adesse
626 561 745 619 credite.
1184 543 1237 596 Per
1249 534 1501 595 misericordiam.

451 661 501 718 llis
513 656 599 714 dietis
609 650 723 709 Praesul
735 646 847 719 impius
1432 622 1482 678 Ad
1496 617 1692 677 betorinum.

415 750 588 810 commotus
602 745 646 800 ira
658 736 795 805 insanie,
1184 716 1365 787 Antiphone.
1380 709 1533 768 Dauobis.
1546 708 1724 765 Psulmuse.

416 835 606 911 Perirajubet
621 828 721 904 gladio
1187 805 1298 862 Oratio·
1309 800 1408 859 Redde
1427 798 1527 855 nobie.
1542 798 1646 867 Quare
1658 797 1714 857 fol.
1730 812 1823 853 ucxru.

415 927 496 987 Colla
510 924 631 1000 piorum
639 922 810 990 Martyrum.
1186 892 1363 962 Antiphone
1372 894 1397 947 t.
1410 889 1521 944 Palmae
1530 886 1650 943 luerunt
1659 884 1690 941 iu
1703 884 1845 943 manibus
1855 887 1953 941 saucto-

450 1020 506 1074 Per
514 1016 573 1071 hoc
585 1010 750 1083 trophaeum
761 1000 832 1060 tidel
1150 998 1219 1041 rum
1239 984 1288 1038 :et
1310 994 1422 1051 magne
1441 976 1573 1034 elamore
1589 974 1749 1031 dicebant:
1767 975 1799 1029 P.
1815 974 1897 1030 Salus
1909 976 1955 1029 beo

415 1097 756 1165 pv013v0111ntanimae3
1151 1075 1265 1139 nostro,
1284 1070 1337 1143 qui
1352 1067 1440 1123 sedes
1456 1082 1547 1138 super
1559 1065 1709 1125 thronum.
1735 1069 1764 1119 et
1779 1063 1873 1133 riguo.
1888 1062 1915 1122 i.
1932 1064 1957 1119 Pl

416 1198 550 1253 Peteutes
563 1188 656 1246 Patris
671 1185 780 1242 solium
1152 1156 1309 1231 adjuvabit
1319 1172 1371 1213 eos
1386 1155 1539 1224 Dominus,
1554 1157 1584 1211 et
1597 1151 1736 1209 liberabit
1750 1167 1803 1208 eos
1817 1156 1860 1207 :et
1873 1149 1958 1222 eripiet

417 1286 507 1343 Pares
521 1294 649 1338 coronas
665 1274 796 1347 capiunt.
1152 1263 1204 1305 eos
1217 1264 1235 1304 a
1249 1244 1468 1319 peccatoribus,
1484 1248 1513 1299 et
1535 1241 1636 1300 salvos
1654 1240 1741 1297 faciet
1759 1254 1812 1296 eos
1832 1238 1959 1312 quoniam
2026 1257 2027 1272 ι

454 1372 561 1445 sieque
575 1366 710 1437 gerentes
725 1357 867 1427 stigmata
1153 1338 1346 1410 speraverunt
1358 1333 1389 1390 iu
1403 1348 1486 1390 eum.
1505 1328 1537 1386 P.
1550 1328 1646 1388 salus.
1662 1329 1693 1391 lt.
1708 1327 1815 1393 Gloria,
1830 1332 1857 1385 et
1870 1328 1958 1384 boner.

421 1458 527 1518 Christi
542 1454 676 1513 incarne
690 1445 822 1523 propria,
1154 1429 1184 1483 P.
1196 1424 1298 1482 Salus.

421 1548 595 1606 conformes
610 1540 679 1599 laeti
693 1538 762 1594 sunt
776 1528 889 1589 Christo
1191 1509 1541 1573 Oratie.1)eusexaltetio
1555 1514 1584 1567 et
1597 1506 1710 1583 palma,
1724 1514 1759 1564 ut
1771 1522 1865 1578 supro
1877 1507 1904 1563 iu
1918 1504 1960 1563 l'e·

423 1636 543 1697 Goelesti
554 1647 658 1707 reguo,
675 1644 710 1685 ac
728 1621 865 1698 premio.
1155 1605 1260 1677 sperio.
2026 1645 2027 1650 ἵ

456 1730 516 1784 Deo
531 1721 610 1780 Patri
630 1718 666 1775 sit
678 1716 782 1789 gloria,
1117 1700 1140 1755 Β
1190 1692 1362 1763 Antiphone
1376 1693 1403 1745 t.
1418 1686 1691 1745 Piliuslleilretatus
1706 1689 1849 1758 estsuper
1859 1683 1961 1756 iudos:
2026 1667 2028 1764 l

420 1818 551 1891 Ejnsqne
561 1810 616 1867 soli
631 1806 711 1873 Filio,
1156 1784 1187 1839 P.
1201 1782 1236 1837 lit
1253 1781 1283 1837 iu
1297 1777 1440 1853 paradiso
1452 1777 1628 1834 deliciarum
1638 1775 1798 1831 constituet
1810 1773 1885 1830 illos.
1896 1770 1922 1832 l.
1935 1772 1962 1826 lit
2026 1793 2028 1822 r

421 1907 495 1963 cum
507 1900 615 1976 Spiritu
626 1892 773 1952 Paraclito
1156 1872 1363 1929 clamaverunt
1370 1866 1453 1939 justi,
1464 1868 1493 1922 et
1503 1865 1648 1922 Dominus
1658 1862 1813 1920 exaudivit
1822 1877 1887 1919 eos:
1899 1866 1961 1917 etex

419 1996 560 2065 Reganus
574 2003 628 2065 per
642 1998 731 2042 omne
741 1978 897 2037 saeculum.
1156 1958 1299 2017 omuibus
1316 1954 1562 2014 tribulationibus
1583 1968 1688 2010 eorum
1711 1950 1849 2008 liberarit
1867 1964 1920 2006 eos.
1936 1948 1960 2003 P.

455 2083 565 2138 Amen,
1156 2052 1190 2106 Et
1203 2048 1234 2104 iu
1249 2045 1400 2120 pnrediso.
1410 2044 1445 2105 i.
1461 2042 1568 2110 Gloria,
1582 2045 1612 2099 et
1625 2042 1733 2097 bonor.
1750 2038 1781 2095 P.
1802 2040 1836 2095 lit
1848 2038 1877 2094 iu
1886 2050 1963 2109 paru·

311 2172 511 2245 supplicatio.
528 2159 893 2230 oremusltedemptorem
907 2148 1022 2217 mundi,
1039 2164 1102 2207 mu·
1155 2136 1235 2193 diso·

281 2268 343 2324 tete
354 2260 479 2319 nemine.
495 2250 663 2325 Queresol.
679 2260 823 2304 crxxumr.
1192 2224 1301 2282 Oratio.
1314 2224 1459 2279 lismonte
1474 2218 1577 2285 uestri,
1595 2217 1729 2284 bomine,
1744 2218 1775 2273 et
1782 2216 1858 2273 sicut
1868 2210 1962 2271 sanctis

315 2348 468 2421 capitula.
495 2338 676 2401 Mirabilises
694 2332 819 2390 Domine
842 2332 870 2386 et
885 2324 1104 2385 inaestimabilis
1156 2314 1215 2372 luis
1225 2312 1340 2387 Sperati
1351 2311 1399 2368 vel
1407 2308 1557 2368 Comitum
1567 2306 1731 2381 elusdigua
1739 2302 1964 2379 premiereddis

278 2442 311 2499 in
325 2436 439 2498 Sanctis
452 2431 520 2503 tuis,
536 2428 590 2504 qui
610 2441 653 2494 es,
669 2426 773 2482 auctor
786 2417 949 2493 preclarus
967 2415 1105 2474 omnium
1157 2404 1199 2461 ila
1212 2400 1322 2459 nostris
1337 2414 1427 2473 paroc
1441 2402 1470 2455 ct
1483 2398 1623 2455 miserere
1636 2395 1766 2469 peccetis
1779 2412 1788 2463 ;
1806 2397 1838 2451 ut
1854 2390 1964 2449 absoluti

279 2524 475 2591 mirabilium,
482 2524 511 2578 et
520 2509 819 2593 gloriosieerteminis
828 2506 860 2564 iu
872 2506 972 2564 lutura
981 2504 1106 2561 beatitu·
1158 2493 1196 2549 de
1211 2489 1376 2564 prffllorilia
1393 2502 1564 2545 mereamur
1577 2483 1746 2542 custodiam
1761 2478 1964 2540 dolaturias.

280 2620 351 2678 diue
365 2616 496 2674 clemens
515 2606 731 2667 remunerator.
746 2602 784 2659 l’e
799 2598 890 2671 igitur
904 2592 1063 2652 ineffabilis
1078 2596 1106 2650 et
1158 2584 1265 2638 Amen·

278 2706 448 2771 misericors
458 2706 545 2768 lleus,
554 2695 723 2771 poscimus,
732 2691 867 2748 etmeute
879 2684 982 2743 cernui
991 2682 1106 2755 flagita-
1193 2670 1247 2725 Per
1257 2664 1495 2724 miscricordiam
1510 2668 1607 2719 tuam.

279 2817 349 2861 mus
361 2814 369 2866 ς
383 2798 416 2853 ut
429 2788 544 2866 Sperati
557 2786 601 2845 tui
615 2779 755 2855 martyris
771 2792 859 2855 prece
872 2772 1058 2848 sperantium
1072 2772 1104 2828 in
1193 2754 1367 2821 Aullnkona
1381 2755 1407 2809 3.
1421 2751 1507 2810 Salus
1519 2750 1670 2823 iustorum
1684 2766 1703 2807 a
1716 2746 1848 2806 Domino
1861 2764 1870 2803 r
1882 2746 1966 2819 prote·

278 2897 307 2951 te
319 2885 514 2950 votislaveas‚
530 2880 560 2936 et
574 2870 712 2933 sacrificii
726 2864 884 2941 vespertini
905 2862 1104 2921 odoramenta
1157 2849 1390 2915 cloreorumesi,
1396 2842 1429 2898 in
1436 2837 1820 2914 dtepressure.ld1usabir
1827 2851 1877 2894 eos
1883 2833 1965 2891 bomi-

278 2958 753 3049 suscipias‚etnostrorumelogia
763 2952 1013 3025 delictorumpius
1027 2949 1102 3007 abe·
1155 2952 1223 3002 1¹⁰⁸,
1238 2936 1268 2992 P·
1290 2936 1324 2990 El
1336 2930 1475 2989 liberabit
1492 2944 1545 2987 θοι
1560 2947 1568 2986 :
1588 2928 1729 3001 eteripiet
1740 2942 1794 2984 eos
1809 2942 1829 2983 a
1842 2926 1963 2999 peecato-
2026 2903 2027 2942 ³

278 3037 1102 3137 leasapreesurismundialium,jugumiutolerabiletuo
1117 3054 1140 3114 ρ
1154 3026 1247 3091 ribus,
1262 3023 1294 3085 lt.
1310 3024 1344 3079 Et
1359 3021 1459 3078 salros
1472 3018 1562 3077 lactet
1573 3032 1649 3074 eos:
1669 3016 1819 3090 quoniam
1841 3024 1963 3088 sperare·

278 3127 1102 3229 apopulosuspendas,lrugumopulentiamtribuas,iu.
1153 3119 1223 3173 runt
1235 3115 1267 3171 iu
1280 3127 1361 3169 eum.
1376 3114 1407 3169 P.
1427 3113 1461 3167 lit
1474 3107 1623 3166 liberabit.
1642 3107 1673 3169 l.
1694 3105 1806 3174 Gloria,
1828 3104 1963 3162 01h011⁰h

276 3239 507 3320 temperantiam
519 3247 632 3298 arceas,
646 3233 674 3285 et
684 3222 797 3283 eunctis
817 3217 948 3278 fidelium
960 3217 1100 3292 [ecnxrru]
1154 3205 1186 3262 P.
1200 3207 1234 3262 ut
1247 3200 1394 3260 liberabit.

275 3330 473 3408 languoribus
490 3319 616 3383 antidoti
627 3313 766 3375 salutaris
776 3307 1100 3384 medelamimpertias:
1190 3293 1301 3351 Oratio·
1316 3289 1465 3348 Gaudium
1477 3291 1612 3345 nostrum
1621 3284 1740 3342 clealus
1750 3287 1865 3351 nosue,
1876 3281 1964 3346 virtus,

275 3413 584 3500 utignetribulatiouis
590 3405 751 3469 examinati
757 3401 819 3470 tibi,
827 3396 1100 3475 quocumqueieris‚
1154 3387 1246 3456 alque
1254 3379 1381 3455 justitia,
1393 3376 1519 3435 Domine
1539 3376 1617 3432 bens
1635 3373 1840 3446 omnipotens¹
1855 3370 1900 3427 iac
1912 3382 1966 3436 uos,

276 3515 360 3576 stolis
375 3511 451 3571 albis
468 3501 576 3575 induti,
597 3497 723 3558 cortibus
743 3496 916 3551 sauctorum
940 3485 1055 3561 sperati
1074 3490 1103 3544 et
1153 3465 1523 3547 ‹presumasptuciteribt
1536 3462 1838 3534 sauctorumspsrati
1851 3456 1968 3518 esconi-
2026 3454 2027 3527 l

276 3605 425 3664 Comitum
435 3600 500 3672 ejus
514 3589 636 3653 admisti
649 3587 863 3661 depromamus
874 3577 992 3652 iugiter,
1013 3581 1102 3650 atque
1154 3566 1219 3619 lum
1233 3560 1298 3632 01¹1!
1313 3560 1480 3629 myrum
1494 3559 1574 3611 florio
1587 3553 1735 3625 gaudere:
1751 3554 1780 3607 et
1796 3549 1858 3607 illio
1874 3544 1964 3604 laudm
2026 3562 2027 3565 ¹

276 3694 431 3754 dieamus:
1154 3655 1222 3708 tuas
1241 3652 1400 3707 lteetorum
1423 3657 1548 3703 munere
1574 3641 1722 3716 perpetim
1746 3639 1918 3697 decantare.
1940 3643 1965 3705 a.
2026 3620 2027 3701 J

311 3781 515 3841 Paternoster.
530 3759 904 3830 Liberatiamalo.tet.t.
1153 3743 1259 3797 Amen.

311 3861 609 3930 benedictiotionis
621 3858 793 3914 sanctorum
807 3862 931 3906 suorum
947 3842 1062 3918 Sperati
1073 3846 1102 3902 et
1188 3831 1242 3885 Ρθῑ
1255 3821 1502 3883 Μῑῦθτίοθιᾶίαω.

276 3932 1102 4030 Comitumejusbeuedictioeoelestisadhaereatseuaibus
1189 3929 1221 3990 lt-
1235 3916 1309 3972 lusti
1320 3914 1351 3971 iu
1366 3916 1545 3986 perpetuum
1558 3893 1666 3974 urent,
1681 3908 1713 3963 P.
1726 3905 1820 3980 Apud
1832 3907 1920 3962 Deum
1930 3901 1964 3956 est

610 4032 784 4096 muneribus
799 4023 998 4100 sempiternis,
1015 4035 1048 4095 p,
1063 4024 1101 4077 Α.
1153 4022 1268 4065 merces
1285 4019 1400 4060 eorum.
1419 4000 1451 4062 lt.
1469 4000 1621 4054 iustorum
1643 3995 1753 4054 enimse
1772 3995 1806 4052 iu
1824 3987 1967 4052 msuubei
2026 4048 2027 4051 Ἴ

276 4156 359 4199 meu.
378 4141 421 4206 Et,
437 4149 567 4210 quorum
586 4129 662 4186 testa
676 4125 801 4181 ovantes
816 4114 972 4188 suscipitis,
996 4127 1102 4169 eorum
1154 4100 1232 4162 sunl,
1259 4100 1288 4152 et
1310 4107 1372 4150 non
1391 4092 1494 4160 lausei
1516 4085 1582 4144 illos
1605 4089 1790 4143 tormentum
1810 4081 1919 4141 mortis.
1941 4077 1965 4131 P.
2026 4112 2027 4115 ,

276 4227 441 4305 patrocinio
462 4218 608 4282 defensati
628 4215 668 4271 ed
687 4211 836 4269 Christum
854 4204 1012 4262 indemnes
1035 4203 1102 4274 post
1154 4185 1243 4259 Apud
1257 4185 1360 4240 [teum.
1374 4179 1407 4243 l·
1420 4177 1529 4243 Gloria,
1551 4178 1580 4234 el
1591 4175 1690 4232 honor
1709 4173 1798 4232 Patri.
1816 4173 1966 4229 lleitm

154 4311 161 4320 ⁸
276 4318 433 4378 transitum
447 4309 601 4387 pervenire
614 4299 746 4377 possitis.
760 4309 792 4368 ιι.
807 4291 980 4351 ememtes
996 4305 1102 4348 omues
1155 4287 1189 4348 lb·
1202 4273 1285 4348 iusti·

276 4407 369 4482 quiin
378 4405 438 4462 hoc
451 4401 500 4457 die
514 4395 585 4454 fidei
597 4389 747 4448 alacritate
763 4385 857 4440 Deum
871 4380 1029 4436 devotione
1043 4393 1101 4435 cer·

275 4511 338 4555 uua
346 4488 495 4570 precaturi
503 4479 695 4550 convenistis,
704 4479 815 4534 aeterna
821 4469 946 4546 praemia
961 4469 992 4526 in
1003 4469 1101 4527 tuturo

276 4577 496 4659 adipiscemini.
508 4587 544 4650 lp.
563 4574 668 4630 Arnen.

311 4674 334 4731 Ρ
352 4689 367 4730 r
380 4664 625 4729 m'sericordiam.

310 4688 946 4822 egueal.invocabantnominumrutipse
962 4735 1100 4795 exaudie-
1154 4730 1319 4788 corticem.
1340 4723 1514 4782 Benedictus
1534 4735 1577 4776 es.
1599 4719 1685 4776 Sene.
1709 4717 1796 4775 Salus
1816 4717 1965 4787 justornm.

274 4853 327 4914 bat
336 4869 388 4912 eos
398 4865 405 4910 r
417 4851 449 4908 in
460 4848 600 4907 columne
613 4837 702 4898 nubis
714 4833 893 4909 loquebatur
903 4829 942 4886 ad
952 4843 1015 4886 eos.
1026 4825 1101 4883 Alle-
1153 4819 1262 4878 Lerrdo.
1273 4811 1572 4874 baudetetlomiunm
1580 4807 1714 4865 deeoelis.
1723 4797 1968 4877 prophetialem

273 4945 346 5011 luia,
374 4939 502 5000 alleluia.
524 4935 556 5000 ll.
579 4935 613 4990 lit
636 4928 843 4989 clamaverunt
865 4919 905 4978 ad
926 4915 1099 4980 llomluum,
1153 4911 1377 4983 inperpetuum
1397 4902 1506 4960 vivent.
1518 4899 1619 4966 Quare
1630 4897 1705 4970 totio
1722 4909 1816 4952 cnm.
1828 4895 1969 4963 Hymnus.

275 5050 345 5094 eum
369 5029 582 5089 tribularentur
614 5025 666 5079 :et
687 5018 725 5076 de
743 5008 971 5074 necessitatibus
993 5019 1099 5062 eorum
1154 4996 1269 5074 sperati
1297 4992 1393 5052 sancti
1421 4989 1570 5062 martyris.
1592 4985 1774 5059 Supplieotio
1790 4983 1926 5050 oremus,
1943 4980 1969 5030 ot

274 5119 485 5182 liberavimus:
499 5117 531 5172 P.
548 5117 581 5177 ut
595 5112 668 5186 ipse.
682 5108 713 5171 i.
730 5106 836 5176 Gloria,
853 5105 882 5158 et
894 5100 1000 5157 bonor.
1017 5095 1049 5152 P.
1067 5097 1101 5152 lit
1155 5103 1247 5161 supro
1260 5086 1291 5142 is
1309 5081 1442 5153 vespero
1455 5074 1702 5150 precedentibus.

275 5212 350 5288 lpse.
1191 5175 1341 5249 Capitate.
1368 5168 1491 5240 ingeniti
1513 5164 1609 5222 Patris
1628 5162 1782 5235 Unigenite
1805 5159 1898 5217 Pilius
1916 5149 1968 5216 bei.

313 5297 426 5360 Orotie.
441 5299 518 5354 Dens
532 5289 671 5351 exsultatio
687 5287 715 5343 et
728 5281 832 5357 palma
844 5281 1015 5337 sanctorum
1031 5275 1101 5347 Spe·
1155 5266 1275 5340 Spiritui
1287 5266 1394 5321 sancto
1411 5261 1578 5316 coaeternus
1595 5257 1624 5311 et
1636 5247 1910 5312 consubstantialis,
1926 5239 1968 5316 qul
2026 5294 2027 5329 ¹

453 5376 912 5455 itumejusmartyrumtuorum‚
925 5363 1101 5424 exaudinos
1155 5329 1970 5424 abarcesedisaethereeehujosmundiiudmapetensad
2026 5346 2028 5374 ι

656 5473 701 5538 ta;
717 5467 759 5527 ut,
769 5458 1102 5535 quorumiutuoamore
1155 5441 1363 5518 adoptandum
1374 5437 1526 5496 bominem
1541 5449 1605 5490 nou
1619 5430 1760 5488 horruisti
1774 5429 1971 5493 resumentem
2026 5398 2028 5434 ¹

1117 4415 1140 4472 D
1473 4354 1680 4413 lnboudilus.

1190 4454 1234 4511 td
1248 4450 1414 4514 Canticum.
1425 4445 1606 4518 Antiphone.
1620 4443 1783 4514 Diligentes
1794 4444 1835 4512 te,
1848 4437 1967 4496 Domine.

1156 4554 1322 4613 Canticum.
1344 4546 1400 4615 Qui
1427 4548 1533 4618 sponte
1562 4541 1711 4599 obtulistis
1734 4539 1791 4611 set.
1820 4553 1908 4594 cunis.
1932 4527 1968 4587 Al
2026 4504 2027 4547 ¹

1154 4641 1340 4699 Benedictus.
1361 4635 1538 4707 Antiphone.
1562 4631 1662 4688 Sancti
1683 4633 1713 4687 et
1729 4627 1860 4685 humiles
1882 4622 1967 4682 eorde.
2026 4612 2027 4623 ¹

277 5393 367 5452 ratiet
380 5393 451 5448 Com

279 5479 428 5554 supplices
443 5484 521 5558 tuos,
542 5477 653 5545 etpraes

277 5568 421 5643 reliquias
441 5573 628 5630 veneramur,

654 5561 683 5616 et
708 5551 912 5614 emolumenta
931 5543 1102 5609 recolimus,
1155 5549 1274 5594 sumere
1288 5530 1396 5597 cernis,
1407 5529 1437 5586 et
1447 5525 1488 5585 ad
1500 5521 1708 5583 liberationem
1721 5511 1857 5577 fidelium
1871 5527 1930 5573 nou
1944 5521 1971 5566 a
