4117 6175
37 4 63 344 l
137 49 185 300 .

848 243 885 301 itt
902 242 1126 308 Pauascnva.

135 383 264 440 omrem,
276 368 387 436 elavos,
401 368 644 441 amaritudinem,
653 372 791 439 mortam,
809 369 957 442 lauream,
973 375 995 429 Α
1141 377 1174 433 Ει
1183 374 1264 448 rigor
1278 376 1421 437 lentescat
1431 379 1489 450 ille,

133 457 348 516 sonorissimo
364 458 567 531 sepulturam3
581 458 670 517 nobis
683 458 811 527 miseris,
827 476 883 533 pro
894 461 960 535 qui·
1140 465 1235 532 Quem
1245 466 1327 525 dedit
1344 466 1503 525 nativitas:

133 544 267 604 bushoeo
280 563 443 621 passuras,
459 547 587 605 ooelestis
596 548 681 619 regni
694 547 792 606 tribue
802 548 960 608 beatitudi-
1139 553 1175 609 tlt
1186 555 1308 627 superni
1317 556 1455 615 membra
1470 558 1556 629 Degis

132 649 205 694 nam
218 636 368 694 infinitam
383 641 435 694 :ut
446 636 500 711 qui
511 636 683 710 passionem
700 639 960 711 venerandopros·
1135 640 1192 699 uiti
1205 642 1310 700 tendas
1324 644 1433 719 stipite.

21 749 22 780 ι
134 726 292 792 lornimur,
307 726 533 785 resurrectionis
547 730 606 785 lura
620 726 740 799 gaudiis
765 727 806 785 ad
829 726 961 785 ooelestia
1174 732 1242 792 Sola
1253 732 1346 806 digua
1361 736 1394 790 tu
1404 733 1484 792 luisti

21 843 22 904 ι
134 812 339 873 sublevemur.

169 906 259 964 Pater
270 908 382 963 noster.
401 906 436 963 Et
447 919 487 961 ne
501 918 570 962 nos.

311 1011 346 1049 ΑΙ)
360 1009 568 1051 saturandus!
580 1010 655 1052 ultim
675 1010 783 1053 Domi.

471 1084 624 1154 Hymnus.

296 1169 514 1244 Pangelingua
533 1170 659 1243 gloriosi

260 1257 399 1317 Pretium
412 1259 596 1327 certaminis,

259 1350 292 1405 nt
305 1362 395 1421 super
409 1348 511 1405 crusis
528 1348 700 1422 trophaeum

260 1437 311 1493 Dio
324 1436 511 1509 triumphum
529 1436 683 1495 nobilem:

260 1524 392 1592 Qualiter
402 1524 584 1599 Redemptor
592 1525 677 1584 orbis

258 1613 433 1671 immolatus
442 1613 554 1672 viserit.

293 1706 333 1759 Da
346 1702 478 1776 parentm
487 1702 665 1777 protoplasti

257 1791 370 1851 haudo
381 1791 460 1849 taeta
479 1792 653 1862 oondotens,

239 1880 382 1948 ·0uando
393 1880 478 1955 pomi
488 1879 619 1938 noxialis

254 1971 343 2027 loris
356 1984 462 2027 morsu
477 1969 605 2027 corruit:

254 2062 321 2132 lpse
331 2056 450 2129 liguum
463 2064 537 2115 tuno
550 2057 676 2127 notavit,

256 2148 374 2206 Damna
387 2145 459 2219 ligni
474 2150 508 2205 ut
520 2145 658 2205 solveret.

291 2240 352 2295 lloo
363 2250 442 2309 opus
454 2239 564 2294 nostras
584 2234 688 2293 edulia

265 2324 345 2384 Drdo
357 2324 584 2399 depopososrar,

257 2412 443 2471 ltultllormis
456 2413 618 2487 proditoris

257 2507 311 2560 Ars
326 2508 359 2560 ut
366 2506 463 2561 artem
478 2500 611 2559 falleret:

257 2592 290 2649 lit
301 2590 452 2651 modelam
464 2590 553 2649 lerret
562 2590 643 2662 inde,

261 2681 355 2739 tlostis
370 2679 450 2738 unde
463 2678 587 2737 leserat.

290 2769 418 2837 Quando
431 2770 513 2826 veuit
526 2783 599 2842 ergo
613 2769 691 2827 saori

255 2858 409 2917 Plenitudo
426 2858 580 2933 temporis,

254 2949 356 3007 llissus
370 2948 468 3007 sstab
489 2964 556 3007 aree
575 2948 669 3009 Patris

255 3041 354 3106 Natus,
365 3036 448 3096 orbis
463 3037 601 3096 eonditor
609 3056 620 3112 ;

252 3133 346 3201 Atque
361 3133 463 3185 uentre
478 3125 620 3200 virginali

253 3218 329 3275 Caro
348 3215 444 3274 luctus
456 3216 577 3290 prodiit.

288 3306 375 3378 vagit
387 3305 488 3364 iulans
500 3304 579 3364 iuter
590 3308 674 3366 arola

252 3394 394 3453 Conditus
408 3394 576 3469 praeopta:

253 3483 384 3542 Membra
398 3483 506 3558 pannis
521 3482 656 3542 insoluta

254 3572 340 3644 virgo
354 3575 444 3632 ltater
454 3572 577 3644 alligat:

256 3664 287 3719 Et
300 3677 420 3732 manus,
433 3662 597 3736 pedesque,
609 3678 697 3721 arura

256 3750 360 3808 Stricta
377 3748 584 3822 oiugittasoia.

289 3839 392 3898 Lustra
407 3839 594 3913 sexquljam
611 3843 733 3912 peraota

255 3926 381 4003 Tempus
394 3927 525 4002 impleus
541 3928 685 4003 eorporis,

256 4019 289 4075 So
303 4016 430 4083 volente,
444 4025 533 4076 natus
550 4017 591 4076 ad
597 4016 656 4076 hoo

257 4105 390 4164 Passioni
408 4105 538 4177 deditus,

255 4199 352 4268 Agnus
363 4196 396 4253 in
406 4195 508 4254 cruris
518 4196 634 4255 levatur

255 4284 456 4344 immolandus
470 4286 578 4359 stipite.

288 4375 339 4432 llio
353 4379 483 4442 aeolum,
498 4373 548 4443 iel,
562 4374 690 4440 arundo,

258 4463 357 4536 Sputa‚
375 4462 462 4526 utari.
476 4461 600 4522 lancea:

257 4552 317 4611 lita
329 4568 441 4627 eorpus
454 4552 620 4626 perforatur
630 4570 638 4609 ι

258 4641 384 4712 Sanguis
397 4641 481 4698 unda
495 4640 633 4715 profluit:

255 4728 353 4798 Tarra,
367 4734 489 4804 pontus,
501 4731 735 4798 aonemundus

254 4819 317 4885 Quo
331 4818 471 4878 lavantur
486 4818 631 4877 tlumiuet

288 4909 365 4966 Crux
378 4907 487 4977 tidelis,
502 4907 580 4967 inter
601 4925 706 4969 omues

252 4995 344 5055 Arbor
354 5013 418 5055 una
431 4995 559 5055 nobilis:

250 5085 335 5143 ltulta
350 5084 426 5144 silva
438 5085 527 5144 talam
538 5087 650 5160 profert

250 5173 374 5243 honde,
390 5174 474 5244 tiore,
488 5175 640 5250 germine:

250 5262 340 5322 Duloe
352 5262 480 5335 liguum,
493 5264 597 5324 duleas
607 5263 721 5333 elavos,

251 5351 341 5410 Dulce
353 5354 479 5427 pondus
489 5354 624 5414 sustinet.

286 5440 381 5501 Plsote
395 5456 498 5502 ramos
520 5442 612 5503 arhor
629 5443 700 5509 alta,

254 5529 353 5588 Teura
364 5529 436 5590 laxa
452 5530 582 5603 viseera3

1138 826 1224 881 Ferre
1233 822 1362 895 pretium
1377 823 1489 893 saeuit,

1137 914 1362 984 arqueporrum
1380 925 1550 985 praeparare

1138 1002 1233 1058 Nauia
1248 998 1364 1056 mundo
1376 999 1534 1072 sarnago,

1138 1090 1235 1156 Quam
1248 1101 1333 1145 saoer
1346 1102 1435 1147 eruor
1448 1089 1588 1162 perunxit

1138 1177 1302 1249 Fusodgni
1323 1178 1481 1249 sanguine.

1175 1268 1251 1323 Laus
1264 1264 1317 1322 tibi
1328 1282 1381 1339 per
1393 1280 1483 1324 omne
1505 1269 1625 1340 tempus

1137 1354 1264 1413 Trinitas
1283 1352 1471 1412 indifferens:

1138 1447 1226 1513 Laus,
1236 1444 1343 1509 honor,
1358 1444 1512 1519 virtusque
1530 1460 1661 1511 summa,

1138 1531 1303 1607 Singularis
1315 1532 1411 1604 gloria
1423 1549 1431 1601 ;

1138 1623 1209 1689 Dure
1225 1626 1252 1679 te
1267 1622 1361 1678 Deum
1384 1620 1564 1680 seculorum

970 1724 993 1781 g
1137 1710 1277 1768 Personat
1290 1711 1320 1766 in
1337 1710 1456 1767 soeoula.

1172 1802 1280 1857 Amen.

1049 1889 1159 1948 Oratio.
1174 1890 1195 1947 D
1211 1889 1415 1959 sanctacruz,
1430 1888 1460 1945 in
1471 1902 1533 1961 qua
1548 1888 1630 1946 salus
1656 1892 1762 1948 nostra
1787 1902 1838 1963 pa·

1010 1977 1133 2053 pendit:
1144 1992 1198 2051 par
1210 1976 1472 2035 tsiutroeamusad
1484 1977 1837 2051 Patrem:pertavaniam

1010 2082 1197 2126 mereamur:
1211 2080 1266 2139 per
1279 2070 1308 2123 ta
1323 2064 1405 2138 apud
1429 2064 1577 2123 Christum
1601 2066 1771 2125 habeamus
1795 2066 1839 2124 in·

1009 2156 1196 2228 dulgentiam
1209 2158 1238 2213 et
1249 2154 1380 2213 veniam.
1396 2164 1430 2226 ip.
1445 2157 1552 2212 Amen.

1046 2244 1380 2316 Antipioaodeiipno
1398 2243 1531 2302 Domini.
1543 2243 1668 2316 Signum
1693 2242 1840 2303 habentos

1010 2332 1050 2391 ad
1064 2332 1387 2392 commemorationem
1411 2331 1546 2390 mandati
1573 2331 1648 2405 legis
1665 2336 1734 2401 tura,
1748 2330 1839 2406 364

1010 2420 1120 2493 exiguo
1131 2420 1213 2494 liguo
1236 2420 1387 2478 eredimus
1414 2421 1533 2479 animas
1554 2426 1681 2490 nostras,
1705 2425 1738 2479 ut
1761 2425 1840 2479 uan-

1010 2514 1131 2567 seuutes
1148 2524 1230 2567 mara
1245 2507 1409 2568 liberemur
1422 2515 1512 2582 perte
1523 2508 1684 2569 Dominum
1707 2509 1840 2570 Salvato-

1009 2612 1084 2655 rem.
1103 2596 1132 2659 t.
1148 2596 1294 2655 Dominus
1309 2596 1447 2669 regnavit
1462 2596 1492 2654 in
1518 2596 1612 2669 liguo.
1638 2598 1753 2656 Etenim
1777 2613 1839 2658 oor·

1009 2685 1085 2745 rexit
1096 2684 1203 2743 orbem
1218 2691 1314 2755 terrra,
1327 2685 1380 2757 qui
1395 2698 1457 2741 non
1480 2685 1730 2745 sommovebitur.

1046 2773 1221 2845 Antiphonti
1230 2778 1258 2831 i.
1269 2776 1326 2831 lter
1336 2770 1463 2831 iacimus
1473 2772 1556 2843 ligno
1565 2774 1772 2847 portanti:vos
1791 2772 1838 2831 ln·

1009 2868 1116 2922 vooate
1130 2862 1260 2935 Patrem,
1277 2865 1309 2919 ut
1319 2865 1504 2920 transeuntes
1516 2876 1599 2919 mare
1609 2876 1662 2937 per
1677 2861 1792 2935 lignum
1805 2860 1838 2919 li-

1008 2950 1206 3014 heremari.
1222 2950 1374 3009 Auxilium
1398 2965 1499 3008 meum
1518 2950 1686 3019 aDomino,
1703 2950 1757 3026 qui
1770 2949 1839 3009 feeit

968 3079 990 3139 c
1008 3041 1161 3100 ooetumet
1173 3044 1296 3100 terram.

1044 3131 1222 3203 Antiptooo
1236 3134 1264 3188 3.
1279 3129 1471 3188 Benedictum
1482 3133 1527 3188 ast
1541 3128 1668 3201 lignum,
1684 3144 1738 3203 per
1752 3127 1835 3203 quod

1006 3220 1041 3278 tlt
1049 3220 1173 3294 justitia.
1186 3224 1219 3278 ln
1233 3218 1291 3277 hoo
1304 3226 1404 3277 autem
1414 3217 1723 3289 ostendisll,Domine,
1739 3215 1837 3274 inimi·

1006 3309 1049 3367 eis
1059 3309 1180 3381 uostris,
1193 3308 1266 3382 quia
1280 3313 1312 3366 tu
1323 3323 1364 3376 es,
1381 3307 1433 3381 qui
1444 3307 1552 3364 liberes
1565 3306 1605 3364 ab
1632 3303 1717 3363 omui
1740 3303 1833 3362 malo.

1005 3397 1038 3460 ll.
1054 3399 1200 3456 Laetantur
1212 3395 1289 3463 ooeli,
1314 3400 1344 3453 et
1354 3393 1465 3453 exultet
1475 3398 1562 3460 terra,
1583 3397 1741 3450 moveatur
1753 3403 1835 3451 maro

1005 3488 1036 3545 et
1047 3484 1203 3560 plenitudo
1222 3485 1298 3558 ejus.

1183 3574 1232 3631 Ad
1248 3573 1360 3632 itonam
1382 3587 1441 3644 pro
1454 3570 1656 3644 indulgentia.

1041 3665 1131 3722 Satio.
1155 3662 1268 3734 Popula
1282 3677 1377 3730 meus,
1391 3659 1465 3735 quid
1491 3659 1545 3717 leot
1559 3659 1613 3718 tibi
1624 3658 1678 3716 ‘tin
1689 3673 1751 3733 quo
1765 3671 1836 3716 eon·

1006 3751 1120 3812 tristari
1133 3756 1159 3810 te
1172 3750 1344 3825 ‘tresponde
1353 3748 1439 3808 mihi.
1453 3751 1482 3806 P.
1491 3749 1565 3816 Quia
1575 3747 1665 3806 eduxi
1673 3751 1701 3806 te
1709 3748 1747 3804 de
1758 3751 1836 3806 terra

1005 3841 1135 3916 AEgypti,
1145 3841 1259 3916 parasti
1271 3850 1392 3898 erucem
1418 3837 1503 3897 mihi.
1515 3841 1547 3896 ll.
1564 3838 1679 3904 ludite,
1700 3851 1768 3912 quea
1782 3840 1837 3894 Do·

1007 3930 1107 3990 minus
1117 3929 1265 4004 loquitur:
1276 3931 1412 4000 Surgo,et
1420 3925 1722 4001 oontendejudioium
1734 3925 1838 3983 adver·

1006 4035 1059 4078 sus
1068 4023 1197 4091 montes,
1211 4021 1239 4076 et
1257 4016 1480 4076 sudiautoolles
1497 4032 1600 4074 vorem
1611 4021 1705 4074 tuam.
1721 4016 1749 4072 P.
1761 4014 1836 4082 Quia

1006 4109 1097 4167 eduxi
1107 4107 1284 4166 llll.Audita
1293 4111 1411 4165 montes
1418 4105 1565 4179 J'udieium
1579 4104 1707 4172 Domini,
1717 4102 1837 4162 etfortia

1006 4197 1205 4256 fundamenta
1216 4202 1299 4255 terrm
1313 4195 1404 4271 ;quia
1415 4193 1565 4269 judicium
1579 4192 1774 4252 Dominloum
1784 4209 1837 4268 po·

1006 4289 1079 4362 pulo
1094 4300 1149 4345 suo
1159 4303 1167 4356 ;
1178 4291 1285 4344 eleum
1296 4285 1386 4342 lsrael
1396 4283 1704 4356 altercabitur,dioens
1715 4283 1837 4350 :P.Duia

1007 4375 1144 4434 eduxite.
1161 4375 1208 4434 lv.
1228 4371 1447 4449 Populeureus,
1470 4370 1546 4447 quid
1572 4371 1627 4430 leot
1646 4371 1787 4431 tibitaut
1806 4371 1838 4430 in

969 4435 1069 4541 Dquo
1084 4463 1424 4524 teoontristavitautin
1436 4478 1499 4538 quo
1522 4461 1575 4520 tibi
1596 4462 1741 4520 molestus
1769 4459 1838 4519 lul?

1006 4553 1158 4629 responde
1173 4552 1246 4612 mihi
1256 4571 1263 4611 :
1274 4554 1346 4630 quia
1357 4554 1446 4612 eduxi
1459 4552 1534 4610 tede
1550 4556 1628 4610 terra
1649 4549 1768 4625 AEgypti
1780 4551 1795 4606 i
1809 4553 1838 4608 et

1008 4643 1151 4702 dedomo
1166 4643 1317 4702 servitutis
1327 4640 1452 4699 liberari
1466 4643 1553 4700 tolet
1575 4640 1643 4699 misi
1653 4637 1835 4696 anteiaoiem

1008 4734 1093 4790 tuam
1106 4733 1367 4806 ltoysem‚Aaron,
1379 4733 1407 4786 et
1416 4729 1559 4787 Mariam?
1572 4727 1682 4795 P.Quia
1694 4724 1783 4784 eduxi
1797 4729 1835 4782 te.

1007 4821 1041 4877 v.
1055 4820 1085 4879 Si
1095 4819 1207 4893 affliget
1220 4821 1312 4878 homo
1329 4821 1423 4875 Deum
1435 4817 1585 4891 ;quiavos
1598 4813 1760 4873 eonllristis
1774 4828 1834 4880 me,

1007 4912 1038 4966 at
1049 4906 1167 4966 dixistis
1178 4911 1220 4966 :lu
1230 4922 1291 4980 quo
1300 4905 1480 4964 confiximus
1491 4902 1736 4963 tetinraluerunt
1746 4917 1838 4978 super

1007 5013 1057 5056 me
1072 4997 1166 5055 verba
1178 5001 1277 5054 vestra
1290 5013 1296 5066 ;
1310 4999 1338 5052 et
1350 4994 1516 5052 confixistis
1531 5009 1590 5063 me,
1620 5009 1696 5066 gens
1719 4998 1790 5053 tota.
1803 4993 1836 5050 P.

1008 5087 1084 5155 ouis
1095 5085 1185 5144 eduxi
1199 5089 1239 5143 te.
1255 5086 1300 5142 vl.
1318 5082 1396 5151 Quid
1410 5083 1535 5156 dignum
1547 5083 1673 5142 offeram
1687 5082 1838 5142 Dominot

1007 5175 1146 5234 Curvabo
1158 5189 1257 5246 genua
1271 5173 1332 5231 Deo
1343 5172 1461 5232 excelso
1475 5173 1645 5250 :numquid
1672 5171 1799 5232 otleram
1810 5169 1839 5228 ei

1005 5263 1333 5334 holooaustomata,aut
1345 5263 1475 5322 vitulum
1484 5259 1839 5334 anniculum‘inumqoid

1005 5351 1119 5428 plaoari
1129 5352 1237 5426 poterit
1251 5351 1399 5412 Dominus
1409 5353 1440 5412 in
1453 5352 1586 5412 millibus
1592 5347 1793 5410 arietumtaut
1806 5349 1838 5408 ln

1006 5440 1108 5504 multis
1117 5440 1246 5501 millibus
1255 5442 1411 5502 hireorum
1422 5441 1583 5517 pinguium
1590 5441 1641 5501 tP.
1648 5437 1763 5499 Pararti
1772 5455 1839 5499 eru·

1006 5545 1078 5596 oen.
1092 5529 1153 5595 Vll.
1169 5531 1322 5609 Numquid
1336 5529 1768 5607 duboprimogeuitummeum
1781 5545 1839 5606 pro
