4117 6175
148 238 214 297 lant

655 230 899 296 annonantur.
921 261 957 275 -
973 230 1089 293 ruera
1106 209 1351 296 erminonis,

220 360 325 421 Gladcs
335 359 511 427 abscedant,
525 359 632 432 lamec,
645 365 735 435 etque
742 358 882 432 languor,
988 357 1014 415 Α
1135 363 1178 420 Tu
1196 360 1306 418 Ductor
1317 362 1349 419 ln
1361 363 1532 437 terrapius,

289 448 384 507 Noxia
397 464 536 522 quaeque.

253 536 608 597 Gleruedootrinarutilct
628 552 767 597 corusce:

216 626 353 686 Pontifex
368 626 481 685 celsum
500 626 618 699 apicem
629 630 754 685 muniat

217 715 296 775 Labe
306 715 453 785 abstersa,
468 712 672 789 operibusque
685 712 776 775 almis

287 803 547 877 Potcctplacitura.

251 896 328 953 taus
341 891 396 951 tibi
409 891 531 955 insultet
540 890 639 965 jubilo
651 889 787 966 perenni,

213 982 339 1041 'trinitas
357 979 494 1054 simplex,
508 981 664 1055 Deitasquc
679 994 752 1047 una,

213 1073 327 1131 Cuncta
335 1070 388 1145 qui
399 1070 543 1141 condens,
558 1070 660 1144 opifex
677 1068 707 1127 in
724 1066 844 1133 emen,

246 1159 378 1217 crederis
391 1164 505 1219 auctor.

282 1252 389 1305 Amen.

237 1335 429 1409 ΗΜΛ
454 1334 864 1409 ΒΕΠΕΜΙΙΒΙβ.

171 1440 322 1512 ieiunium
350 1442 519 1501 observatur
530 1442 627 1499 tribue
646 1440 746 1499 diebus
760 1445 831 1498 unte
845 1440 962 1496 Festum

136 1530 231 1587 suncti
247 1530 401 1603 cypriani.
430 1532 465 1589 Si
480 1532 609 1590 volueris
634 1530 773 1594 recitare,
789 1542 888 1603 quare
902 1528 961 1599 sot.

136 1618 200 1675 43¹·
475 1708 534 1765 Dlll
551 1710 623 1765 xri.

280 1830 307 1871 ιιι
320 1829 401 1871 rrsro
417 1830 514 1872 ennon
538 1830 665 1873 crrnnru
685 1830 816 1872 rarecort.
848 1810 852 1845 ³

433 1924 478 1980 nd
491 1922 656 1996 Venarum.

169 2009 282 2066 Lauda,
299 2009 397 2068 Gloria
409 2016 437 2069 et
451 2012 556 2069 bonor.

167 2096 255 2158 Sono.
270 2098 471 2158 Faomecum.
490 2100 592 2169 Qnaerc
610 2100 667 2170 sol.
680 2116 749 2157 curn.

168 2184 351 2259 Antiphone.
367 2189 503 2257 Posuisti,
524 2188 658 2257 Domina,
675 2204 765 2261 super
779 2190 866 2261 caput
892 2187 956 2259 ejus

132 2276 430 2352 coronamdelapide
442 2279 586 2351 pretioso:
598 2276 796 2336 P.Glorinmct
809 2292 954 2349 magnum

132 2362 271 2422 decorem
287 2382 377 2440 super
390 2382 460 2424 eum
478 2366 625 2441 impones.
640 2366 673 2429 t.
698 2365 792 2425 llitaur
805 2366 896 2439 petiit,
928 2370 956 2423 ct

131 2452 499 2529 dedistieilougitudiucm
510 2455 887 2517 dicruminatcrnumetiu
902 2472 956 2511 sm-

127 2536 230 2601 onlum
243 2545 354 2603 saculi.
369 2548 398 2601 P.
419 2545 549 2604 Gloriam
561 2551 590 2604 ct
604 2560 750 2619 maguum
761 2544 906 2603 decorem.
920 2542 952 2607 i.

128 2630 274 2699 Gloria,et
288 2634 395 2693 honor.
410 2634 442 2693 P.
458 2634 599 2693 Gloriam.

165 2720 310 2781 Dominus
325 2724 363 2781 sit
375 2740 504 2799 semper.
518 2736 550 2797 ti.
565 2726 598 2781 lit
607 2740 679 2781 cum.

162 2810 274 2870 londo.
287 2812 421 2872 auctura.
440 2813 544 2871 Omnis
557 2814 609 2887 qui
621 2812 734 2881 vicerit,
748 2810 856 2869 faciam
867 2808 951 2868 illum

126 2898 274 2959 redencio
300 2901 409 2960 throno
430 2903 526 2961 Patris
542 2903 612 2971 mai,
629 2900 753 2960 Alleluia
764 2942 770 2959 .
783 2902 814 2959 P.
830 2900 912 2958 Sicut
923 2903 950 2957 cl

125 3004 182 3061 ego
198 2988 265 3062 vici,
278 2994 308 3049 et
321 2992 452 3051 eodeoin
470 2991 554 3049 illum
567 3012 577 3065 ;
603 2989 738 3057 Alleluia,
767 2988 898 3048 alleluia.
916 2989 947 3051 i.
1004 2967 1102 3042 ipsum
1120 2986 1128 3025 ²
1143 2967 1197 3043 (lui
1211 2980 1268 3025 ¹¹0⁸
1284 2967 1384 3026 (10θῦῙῖ
1397 2982 1483 3025 ΟΜ
1494 2971 1524 3025 θῑ
1536 2967 1651 3034 diffisi?

1099 452 1141 507 Tu
1152 452 1262 526 liartyr
1273 450 1304 507 in
1314 448 1494 522 caelestibus,

1099 538 1186 604 Quod
1197 537 1367 611 praedicasti
1381 538 1525 610 dogmate

1098 628 1156 683 Fac
1168 640 1224 683 noa
1235 629 1397 700 tenereper
1410 642 1540 702 precam.

1133 715 1192 771 Deo
1204 713 1285 771 Patri
1299 712 1337 771 sit
1346 714 1451 787 gloria,

1095 802 1228 877 Eiusque
1243 802 1300 861 auli
1311 803 1394 869 lilio,

1095 892 1170 948 cnm
1185 892 1295 965 Spiritu
1322 892 1477 968 Paraclyto

1029 1050 1034 1061 ι
1081 983 1396 1061 ¹licgruauspcromne
1410 982 1566 1042 naculum.

1126 1072 1232 1130 lmen.

1053 1177 1242 1251 Supplicotio.
1259 1179 1393 1245 Oramus,
1428 1180 1677 1244 mutotoncmina
1697 1186 1843 1255 utsupra.

1055 1285 1204 1355 Gopitutn.
1215 1286 1238 1341 0
1250 1282 1343 1341 decue
1363 1284 1452 1351 orbis,
1467 1284 1601 1343 edoctor
1614 1287 1844 1354 unicc‚veritatis
1930 1347 1935 1361 ,

1019 1371 1318 1443 magisteraatnottcc
1323 1372 1542 1431 catholicorum
1554 1374 1680 1433 ducator
1690 1376 1838 1445 licclceioe,

1019 1460 1168 1534 cypriane
1191 1466 1302 1533 martyr
1316 1460 1511 1526 sanctissima!
1523 1462 1843 1535 quiCbrirtumetroco

1018 1548 1245 1622 praedicandoet
1254 1550 1557 1622 sanguinantlingua
1568 1566 1714 1623 ammaus,
1726 1558 1756 1613 et
1770 1571 1839 1627 pae-

1019 1638 1281 1697 sloncmonstraris
1290 1639 1549 1712 esaccouspieuus
1558 1638 1726 1714 :dumqum
1738 1643 1838 1716 doces,

1017 1726 1092 1799 agis,
1102 1731 1132 1785 ct
1144 1743 1212 1800 qua
1222 1726 1430 1800 agis,posterie
1441 1727 1579 1785 docendo
1593 1730 1796 1806 derelinquis:
1808 1733 1840 1798 iu

1016 1818 1158 1889 utrosque
1170 1813 1394 1874 admirabilisct
1408 1818 1589 1890 praeclarum
1601 1818 1676 1876 dum
1690 1824 1719 1877 et
1733 1820 1840 1886 Doctor

1015 1902 1168 1969 mirificus,
1182 1908 1210 1961 et
1221 1908 1335 1977 martyr
1347 1905 1517 1973 agnosceris
1530 1904 1678 1977 gloriosus
1692 1925 1699 1974 ;
1720 1908 1795 1965 dum
1810 1914 1838 1966 et

1014 1992 1150 2051 doctrina
1165 1990 1258 2049 clares
1270 1991 1431 2059 insaecula,
1446 1994 1776 2067 ctdecffusosanguinc
1785 1996 1838 2053 ire·

1013 2080 1085 2141 turis
1100 2080 1128 2141 in
1146 2080 1221 2139 coelo
1234 2086 1278 2137 :te
1287 2087 1662 2155 qumumusnerogamus,
1674 2086 1835 2159 regelone,

1011 2172 1124 2245 instruc
1133 2184 1190 2227 nos
1205 2170 1263 2226 tuis
1274 2184 1392 2243 semper
1411 2169 1551 2243 suffragia
1563 2171 1675 2245 pariter
1684 2178 1713 2231 ct
1727 2173 1836 2233 doctri·

1010 2259 1057 2314 nis
1069 2275 1076 2313 ε
1090 2257 1192 2317 imbue
1215 2272 1266 2315 ore
1281 2257 1408 2328 nescios,
1430 2258 1569 2331 precibus
1584 2265 1666 2319 tuere
1688 2259 1835 2334 infirmos,

1009 2336 1201 2412 rerbiadoca
1213 2336 1292 2419 quid‘
1306 2360 1404 2418 agere,
1421 2346 1531 2403 meritis
1546 2347 1657 2415 obtine,
1675 2352 1836 2425 quopoesi-

1010 2454 1079 2495 mus
1090 2438 1198 2494 intrare
1214 2454 1221 2490 ι
1240 2436 1319 2493 illinc
1346 2436 1412 2507 riga
1435 2436 1636 2506 ignorantiam
1658 2440 1755 2497 verbis
1769 2439 1836 2508 ;bic

1009 2523 1357 2595 continuisiragilitatem
1380 2531 1517 2581 nostram
1541 2522 1833 2599 loveto'suiiragiia3

1009 2614 1202 2687 uiperDeum
1216 2628 1310 2669 unum
1319 2611 1349 2668 ln
1358 2611 1498 2670 l'rinitate
1512 2614 1748 2689 perfectaqucm
1758 2623 1791 2674 tu
1806 2622 1835 2676 et

1008 2702 1145 2760 doctrina
1158 2699 1330 2774 praedicasti
1349 2705 1378 2757 et
1392 2700 1549 2771 sanguine,
1565 2716 1621 2759 nos
1642 2710 1672 2760 ct
1682 2703 1833 2762 dictorum

1005 2794 1128 2849 tuorum
1138 2789 1251 2847 tructus
1260 2789 1308 2847 hio
1318 2787 1460 2846 libentius
1473 2789 1663 2856 hauriamus,
1674 2796 1703 2849 ct
1713 2794 1833 2851 merito·

1005 2894 1074 2937 rum
1086 2882 1208 2937 tuorum
1216 2877 1335 2950 gaudiis
1351 2879 1420 2950 post
1433 2878 1591 2936 transitum
1613 2881 1757 2940 satiemur
1771 2897 1833 2956 ⁴per

124 3080 243 3150 Dealus,
256 3080 308 3156 qui
323 3081 460 3155 iutelligit
470 3099 561 3158 super
573 3098 703 3154 cgcuum
717 3084 745 3140 et
763 3095 948 3154 pauperem:
966 3038 988 3111 G
1016 3074 1127 3135 “Pater
1140 3080 1251 3136 noster.
1272 3075 1428 3135 liberalia
1441 3075 1531 3135 malo.
1545 3076 1602 3149 sol.
1614 3078 1641 3135 2.

123 3171 155 3226 iu
174 3169 222 3228 die
235 3170 316 3232 mala
329 3171 469 3231 liberavit
486 3187 556 3230 eum
576 3171 730 3230 Dominus.
748 3172 777 3227 P.
791 3169 881 3228 Sicut.
915 3169 946 3232 i.

126 3255 236 3327 Gloria,
250 3265 279 3317 ct
292 3259 401 3318 honor.
416 3261 449 3319 P.
459 3260 550 3320 Siout.

464 3351 614 3422 Hymnus.

231 3438 317 3496 Urbis
334 3439 476 3512 magister
490 3438 601 3498 Tusciae

194 3527 246 3593 Tu,
262 3525 410 3602 Cypriane
427 3527 574 3596 Portitor,

194 3615 255 3674 Fax
266 3615 427 3687 luminosa,
439 3623 466 3676 ct
479 3615 596 3686 efficax,

192 3705 291 3764 verbo
303 3707 428 3776 docens,
444 3710 472 3765 et
484 3705 641 3777 sauguine.

226 3796 268 3852 'l'u
283 3801 407 3871 martyr,
422 3799 452 3855 et
463 3795 565 3853 doctor
577 3795 655 3868 plue,

192 3885 319 3960 Utroque
332 3885 428 3944 clarus
443 3885 585 3956 dogmate
601 3901 607 3938 :

190 3973 223 4029 lit
237 3973 333 4031 stultis
351 3973 445 4032 rerba
456 3972 577 4044 imbuis,

189 4063 223 4119 lit
236 4061 333 4120 doctis
342 4064 487 4138 exemplis
502 4063 593 4122 loves.

224 4151 355 4210 Gmlestis
368 4153 415 4210 ille
426 4153 563 4228 Spiritus.

188 4239 245 4308 oui
255 4241 287 4300 in
302 4241 455 4317 Prophetis
467 4242 597 4316 praefuit,

186 4331 225 4388 Te
242 4331 381 4404 inrigavit
395 4334 523 4402 eoelitns,

187 4420 332 4493 implevit,
348 4421 571 4494 agit,compluit.

221 4506 346 4588 [ceruit]
361 4511 433 4578 ilinc
446 4510 526 4568 tonte
541 4509 622 4568 claro
637 4509 786 4569 luminum

186 4597 296 4656 tientes
308 4597 390 4656 loves
407 4597 542 4655 fidelium
556 4616 564 4668 ;

185 4687 275 4743 Artas
294 4687 550 4761 pererraeiurios,
633 4698 635 4704 ’

185 4773 266 4831 Cibis
281 4776 415 4848 palatum
429 4791 579 4835 recreans.

218 4865 260 4922 'lu
270 4867 419 4938 passionis
435 4865 563 4938 gloriam

183 4952 308 5019 Duoeetu
319 4951 420 5012 oblato
428 4953 580 5022 distrahis,

181 5041 312 5100 Mercede
327 5046 448 5100 mortem
463 5057 654 5116 comparans,

181 5129 255 5188 Gum
271 5133 299 5188 te
310 5129 409 5188 feriret
419 5131 564 5190 carnilcx.

217 5219 264 5278 Sic
280 5218 322 5278 sic
335 5219 448 5278 docens
461 5220 659 5295 quadrarum
670 5223 725 5289 cat,

180 5307 289 5367 Fundis
300 5308 424 5370 beatum
439 5309 616 5381 sanguinem

180 5397 262 5456 Ditas
272 5413 377 5457 cruore
389 5399 529 5457 Africam.

180 5487 279 5548 verbo
292 5489 402 5548 doeens
420 5487 603 5566 Hesperiam.

1039 3183 1216 3244 Benedictio.
1228 3183 1362 3244 numius
1374 3183 1532 3256 Dominus,
1546 3183 1598 3260 qui
1615 3184 1829 3246 beatissimum

1003 3274 1191 3346 cyprianum
1210 3273 1348 3331 Ecclesia
1367 3289 1430 3332 eum
1444 3272 1617 3344 Praeaulem,
1635 3276 1666 3333 ct
1683 3271 1827 3334 doctrina

1001 3362 1174 3434 magisterio
1182 3360 1308 3428 clarum,
1324 3365 1354 3420 et
1367 3363 1520 3435 liartyrcm
1545 3361 1614 3419 lecit
1628 3376 1694 3418 esec
1709 3363 1828 3437 conspi-

1001 3465 1093 3508 cuum
1105 3467 1113 3517 ;
1124 3449 1248 3524 impleat
1263 3465 1316 3508 vos
1328 3456 1357 3510 et
1386 3451 1481 3521 gratia
1494 3455 1606 3508 sanctu
1622 3449 1776 3525 daonium,
1797 3457 1826 3515 ct

1000 3539 1113 3596 amoris
1123 3539 1169 3596 sui
1176 3538 1337 3612 opulentia
1348 3537 1510 3598 dulcedine
1521 3555 1528 3606 ;
1541 3549 1575 3610 n.
1587 3547 1687 3597 nucu.
1700 3541 1736 3599 Ut
1747 3545 1776 3598 et
1791 3538 1825 3599 iu

998 3625 1097 3686 verbis
1107 3627 1242 3703 Martyris
1256 3627 1471 3687 correctionem
1481 3627 1547 3686 vitm
1559 3628 1707 3700 integram
1730 3629 1823 3686 adsu-

997 3715 1101 3784 matis,
1116 3719 1146 3774 et
1157 3717 1185 3774 in
1193 3717 1339 3792 exemplis
1349 3717 1414 3790 ejus
1439 3715 1661 3792 adipiscamini,
1674 3717 1753 3790 quod
1766 3732 1823 3775 vos

997 3802 1124 3862 heredes
1139 3804 1249 3865 alliciat
1275 3805 1308 3863 iu
1321 3804 1490 3864 coetesribus
1511 3806 1613 3878 regnis
1628 3823 1634 3861 :
1652 3817 1687 3877 n.
1714 3806 1821 3863 limen.

998 3893 1064 3962 Quo
1075 3897 1104 3953 ct
1115 3908 1170 3967 per
1183 3895 1249 3968 ejus
1262 3895 1430 3953 doctrinam
1441 3901 1634 3978 peccatorum
1644 3884 1760 3953 arabis
1773 3910 1823 3952 ru·

995 3981 1069 4055 bigo
1080 3983 1213 4057 effugiet,
1229 3989 1258 4044 ct
1270 4000 1324 4059 per
1337 3985 1403 4057 ejus
1421 3983 1566 4056 suffragia
1584 3982 1820 4042 vitavobiscon·

995 4070 1120 4129 cedatur
1128 4077 1245 4132 aterna.
1259 4086 1292 4147 ii.
1305 4080 1407 4135 Amen.

1030 4181 1085 4236 Pcr
1098 4180 1350 4240 misericordiam.
1790 4239 1795 4244 .

1009 4321 1012 4327 -
1030 4288 1142 4345 londo.
1158 4291 1265 4346 Beatus
1278 4287 1478 4362 vir,qnitimct
1496 4286 1658 4345 Dominum
1668 4285 1793 4346 auctura
1809 4304 1818 4345 ι

956 4375 1027 4444 Dp,
1041 4379 1075 4434 ln
1086 4377 1239 4435 mandatis
1251 4380 1318 4450 cius
1331 4377 1415 4451 cupit
1432 4376 1522 4434 nimis
1533 4375 1668 4439 Alleluia,
1686 4374 1816 4450 alleluia,

994 4462 1125 4524 alleluia.
1139 4465 1174 4528 t.
1192 4466 1337 4534 Potenaiu
1356 4469 1435 4523 tarra
1448 4466 1502 4522 crit
1520 4465 1717 4536 scmcncjus:
1728 4479 1818 4537 gene·

993 4552 1504 4613 ratiorectorumbencdicetur.P.ln
1511 4552 1815 4624 mandabat-Gloria,

993 4643 1024 4699 et
1036 4641 1144 4700 honor.
1163 4641 1196 4698 P.
1212 4645 1245 4698 ln
1255 4642 1415 4700 mandatis.

1029 4749 1142 4809 Oratio.
1158 4748 1276 4807 Debitas
1291 4749 1355 4817 tibi,
1369 4749 1494 4808 Domine
1517 4753 1635 4812 acrae,
1660 4744 1817 4805 referimus

993 4845 1101 4915 gratem
1117 4842 1146 4898 et
1156 4842 1224 4898 lecu
1237 4840 1352 4898 Christo
1372 4839 1498 4899 Domino
1512 4841 1625 4902 nostro,
1640 4833 1672 4890 in
1685 4835 1818 4908 cuiusui-

991 4921 1818 5001 militudinembeatissimusCyprianns‚dumoiiertricti-

990 5033 1086 5091 mam,
1104 5019 1170 5092 ipse
1197 5025 1240 5076 est
1251 5019 1390 5084 victima;
1408 5016 1479 5071 dum
1498 5011 1703 5071 sacerdotium
1719 5012 1814 5084 eligit,

990 5109 1171 5182 martyrium
1181 5108 1308 5166 devotus
1322 5104 1466 5180 implavit.
1482 5101 1618 5161 obtineat
1628 5101 1718 5175 igitur
1735 5102 1817 5175 apud

989 5201 1028 5264 te,
1044 5196 1122 5253 Dcns
1134 5212 1253 5254 summe
1268 5215 1276 5268 ;
1289 5197 1377 5254 utdes
1389 5193 1504 5253 miseris
1519 5189 1737 5263 indulgentiam
1748 5195 1818 5263 post

988 5284 1141 5355 delictum,
1150 5287 1203 5362 qui
1219 5287 1327 5348 meruit
1339 5278 1729 5362 postsaccrdotiumjsubirc
1738 5293 1817 5337 mar-

988 5375 1112 5456 tyrium.
1131 5387 1165 5452 ii.
1180 5383 1285 5437 Amen.

1023 5489 1091 5548 Per.
