4117 6175
111 168 179 231 sote
470 167 645 226 OFFICIUM
664 167 774 233 uultis
793 167 1040 230 contestanis
1059 171 1260 234 RONTOEICIS
1279 174 1468 233 PRAECIPUI.
1750 187 1818 248 {ult

104 293 156 350 nie
170 289 309 349 meritum
325 306 385 348 non
399 291 559 366 babemus,
576 295 642 366 ejus
653 293 793 370 precibus
806 296 835 350 ct
846 293 933 352 meri·
948 294 973 350 t
1132 299 1295 358 Canticum
1309 301 1513 358 Prcksicstioi
1528 301 1607 374 (cop.
1624 305 1673 379 ιι).

106 383 147 439 tis
161 380 326 438 vindictam
348 382 494 442 scelerum
512 383 700 446 evademus:
725 385 753 446 oi
768 383 845 445 siout
863 399 933 440 caro
1022 401 1193 463 Conflpphop
1215 405 1268 464 phi
1283 405 1410 462 Domine
1432 409 1531 474 1101st
1545 414 1574 466 et
1592 410 1815 480 collaudghogp

106 470 214 543 ejosin
227 469 416 528 internonon
432 476 476 532 est
487 471 639 542 derelicta,
649 472 703 536 sed
715 471 932 544 aoorruptione
986 493 1081 552 baum
1097 495 1278 556 salvamram
1294 509 1407 554 meum.

104 559 269 664 eriminum
280 559 384 680 ubera.
400 560 518 634 ⁸Pilitui
528 565 598 636 1²⁰⁸t
611 561 724 624 mim
738 559 932 663 ‘'ummffti‘
1020 599 1192 659 Confitebor
1206 601 1322 660 nomini
1335 605 1386 659 tuo
1396 615 1509 673 magno
1523 619 1530 659 ι
1546 604 1714 679 'quoniam
1729 613 1814 710 adju·

104 653 204 708 01'12111
218 649 332 722 glorta,
349 655 390 708 ¹¹⁸
413 654 665 756 ¹¹9⁸.p⁰⁰⁰⁸.¹⁰m'
683 654 717 710 ¹¹⁸
729 649 770 710 “d
787 655 816 708 ¹⁰
828 665 931 709 '⁰⁰¹⁸'
983 688 1031 746 tor
1043 693 1072 746 et
1085 693 1234 762 protector
1252 689 1348 748 lacius
1363 705 1394 748 es
1410 689 1492 762 mihi,

102 739 388 886 missaffldompm
399 741 652 815 fflfflflumlum·
672 751 706 813 ἢ*
722 744 827 811 mm·
1018 797 1053 852 Et
1070 795 1202 874 liberasti
1225 797 1361 872 animam
1378 813 1512 856 meema
1530 799 1706 876 perditione,
1727 810 1813 868 *eta

138 918 316 991 Ammona
332 919 360 979 2·
375 918 539 978 custodisti
553 935 589 979 ω
590 935 665 995 '91¹⁸
679 935 781 980 m
794 918 834 978 ab
846 917 930 976 omni
981 883 1092 960 laqueo
1105 885 1217 962 linguae
1230 887 1350 978 iniqua,
1361 887 1521 948 etalabiis
1530 891 1720 966 operantium
1729 910 1812 968 men·

98 1007 266 1081 pollutione
290 1011 344 1065 :P.
361 1008 441 1068 odor
457 1013 538 1077 tuus,
558 1009 694 1076 bomine,
716 1008 929 1082 concupiscen-
983 973 1117 1050 ΨΜ

98 1097 160 1154 113,
174 1096 207 1154 ιη
220 1096 418 1158 „1030stpr
429 1101 566 1156 „um
581 1097 613 1160 p,
624 1098 812 1166 Quonim„
821 1096 929 1154 ulumi-
1017 1084 1050 1139 lit
1061 1086 1165 1142 eontra
1179 1084 1352 1143 assistentes
1364 1083 1461 1144 iectus
1474 1101 1506 1144 es
1521 1086 1594 1146 mihi
1609 1087 1739 1160 adiutor.
1754 1091 1809 1152 'lit

98 1185 326 1243 „palummum
346 1202 449 1246 mm
468 1187 617 1246 pompm:
638 1191 668 1245 οι
688 1186 750 1255 (ιω
765 1203 772 1244 :
790 1186 928 1248 mumma
979 1169 1113 1230 liberasti
1123 1189 1172 1232 me
1186 1175 1351 1234 secundum
1365 1174 1589 1234 multitudinem
1597 1175 1810 1236 misericordiae

97 1275 243 1332 tenebras
256 1290 350 1333 meas.
363 1276 396 1333 P.
410 1275 488 1334 Odor
501 1275 761 1339 murmuriosi.
778 1274 928 1342 Gloriari
980 1261 1110 1317 ¹¹⁰mi¹¹i⁸
1126 1262 1168 1318 issi

97 1363 212 1422 bonor.
222 1364 254 1421 P.
266 1363 347 1422 odor
358 1369 444 1422 tuus.
1013 1366 1247 1441 brugiantibus,
1263 1369 1377 1442 paratis
1395 1368 1436 1428 ad
1455 1383 1568 1437 escam,
1585 1373 1601 1406 ι’
1618 1373 1647 1430 et
1661 1373 1699 1430 de
1715 1389 1809 1437 manu

137 1452 251 1510 Oratio
277 1453 389 1511 christe
408 1456 477 1512 iesu
500 1454 552 1520 nai
572 1454 673 1523 Filius,
693 1454 748 1528 qni
770 1453 926 1512 custodisti
979 1457 1179 1528 querentium
1202 1457 1350 1528 animam,
1378 1461 1407 1520 et
1429 1455 1468 1518 de
1490 1457 1585 1532 porus
1607 1459 1809 1525 mibmntinnis

96 1556 212 1615 corpus
226 1541 391 1600 beatissimi
403 1543 587 1616 Coniuratis
610 1544 655 1608 tui
672 1548 763 1618 eique
773 1541 925 1608 Pontificis
977 1559 1048 1618 qua
1066 1545 1264 1608 circumdedit
1276 1560 1347 1608 met

93 1631 137 1688 Ν.
152 1631 286 1690 abomni
301 1631 481 1705 pollutione;
501 1633 533 1696 in
554 1650 615 1708 quo
634 1633 710 1697 odos
729 1633 771 1695 itti
790 1631 923 1698 muneris
940 1641 963 1700 Β
1010 1634 1190 1706 Apreseura
1203 1633 1335 1694 flammae
1350 1635 1721 1710 (praetermissurus)
1736 1638 1808 1702 etin

94 1720 357 1794 concupiscentias
380 1722 516 1780 excitavit
534 1726 661 1780 aeternas
679 1742 686 1784 ι
705 1721 802 1786 excita
822 1721 853 1778 in
868 1736 924 1777 nos
976 1721 1168 1796 mediolanis
1183 1737 1246 1784 non
1258 1723 1410 1795 meineri:

94 1808 186 1873 talem
199 1810 354 1876 eharitatis
369 1816 428 1871 tue
441 1827 588 1880 amorem,
602 1827 666 1884 ouo
687 1811 857 1884 voluptates
875 1826 922 1869 su·
1011 1811 1053 1870 De
1067 1811 1224 1874 altitudine
1234 1814 1345 1877 ventris
1356 1812 1453 1882 interi,
1471 1813 1624 1886 atJtinsua
1646 1816 1762 1891 iniqua,
1778 1821 1808 1882 at

92 1913 238 1972 paremus
251 1899 389 1967 camales
402 1918 410 1969 3
423 1904 452 1960 et
466 1901 510 1962 sio
522 1900 672 1968 vivemus,
685 1905 794 1960 utnon
807 1898 923 1961 tutores
975 1899 1098 1958 averbo
1108 1901 1269 1972 mendacii,
1282 1901 1297 1935 ¹
1311 1918 1330 1960 a
1343 1917 1412 1974 rege
1433 1902 1555 1978 iniusto,
1571 1908 1600 1962 et
1610 1921 1629 1963 a
1641 1904 1747 1980 lingua
1759 1907 1808 1968 itt·

90 1987 255 2048 veniamus
274 1990 307 2048 in
319 2005 426 2063 peenas
445 2010 453 2046 ι
472 1990 579 2063 utqui
600 1989 747 2049 ultionem
771 2003 924 2048 meremur
972 1987 1079 2062 justat

91 2076 304 2150 promeritam
326 2078 520 2138 beatitudinis
546 2093 674 2151 regnum
700 2091 924 2152 oonseqnemur
1011 2078 1263 2154 Laudabiiusque
1275 2081 1315 2139 ad
1330 2085 1459 2146 mortem
1474 2082 1578 2146 anima
1588 2084 1761 2152 Dominum,
1776 2089 1805 2144 st

91 2165 364 2229 intercessionibus
379 2167 500 2231 motis.
514 2179 548 2237 u.
565 2170 672 2230 Amen.
975 2167 1037 2230 vita
1050 2183 1117 2228 mee
1130 2169 1162 2234 in
1176 2168 1293 2233 interno
1306 2170 1556 2244 appropinquans
1565 2176 1629 2230 erat
1642 2171 1673 2234 in
1687 2171 1804 2234 intorno

130 2255 199 2314 Per.
976 2255 1132 2315 deorsum.

128 2345 448 2414 antiplonoeiacies
454 2344 880 2422 tuatcmouamaquamuuda
890 2342 923 2404 it·
1012 2345 1275 2408 Circumdederunt
1289 2363 1336 2410 me
1349 2347 1482 2421 undique
1496 2352 1595 2406 ctnon
1611 2353 1675 2410 crat
1687 2348 1739 2423 qui
1753 2351 1807 2407 ad·

93 2431 923 2496 luminabitur:P.Vultusautemtuussicutlnciierorie·
972 2430 1100 2505 juvaret.
1114 2431 1131 2465 *
1147 2435 1319 2508 Respiciens
1331 2449 1415 2496 eram
1426 2435 1466 2497 ad
1485 2434 1670 2508 adjutorium
1690 2452 1804 2506 meum,

94 2523 848 2596 toramariuianapartomormiusbituoivitamn.
858 2524 922 2581 uon
977 2525 1006 2582 at
1023 2537 1086 2582 nou
1099 2527 1172 2584 erat.

94 2611 617 2686 detinoommotionempedemtuum
626 2631 632 2669 :
641 2611 921 2686 nequeobdormict,
1013 2609 1128 2685 [cnuti]
1141 2613 1319 2674 ueneratus
1333 2628 1401 2670 sum
1415 2611 1625 2673 misericordia
1637 2616 1696 2674 tuoe
1706 2612 1806 2676 uomi-

93 2701 149 2774 qui
162 2701 293 2759 custodit
304 2707 343 2760 te.
357 2702 390 2760 P.
406 2702 520 2763 linitus.
533 2701 565 2764 ι.
582 2702 689 2761 Gloria.
707 2701 740 2758 P.
755 2701 868 2760 vultus.
976 2707 1052 2769 ne,tr
1066 2703 1095 2756 et
1113 2701 1296 2772 operationis
1311 2705 1380 2766 tue,
1399 2715 1465 2772 qum
1479 2715 1498 2762 a
1513 2699 1625 2762 sacua
1639 2705 1731 2763 sunt:

128 2790 247 2849 orosio
262 2791 377 2850 ditares
400 2792 593 2866 omnipotens
611 2793 697 2857 Deus,
717 2790 769 2863 qui
784 2793 923 2850 sanctum
1011 2787 1161 2855 Quoniam
1180 2789 1259 2844 eruis
1269 2789 1449 2846 sustinentes
1465 2792 1529 2858 te‚*
1542 2791 1571 2844 et
1581 2786 1689 2851 liberas
1699 2803 1751 2849 eos
1763 2787 1803 2854 da

92 2879 269 2938 Pontificem
282 2884 312 2938 et
328 2879 534 2940 tonicssorem
554 2885 639 2940 tuum
661 2880 712 2947 N„
734 2879 821 2952 cujus
841 2893 921 2938 nuno
978 2877 1123 2936 manibus
1138 2877 1280 2948 genuum.

91 2969 235 3042 macenti
249 2969 406 3028 testivitate
421 2970 654 3040 gaudemusita
667 2968 856 3042 pronomine
870 2972 959 3046 tuop
1011 2965 1152 3024 Exultasti
1174 2965 1206 3025 in
1228 2971 1303 3025 terra
1328 2965 1549 3026 habitationem
1574 2981 1683 3033 meam.
1704 2969 1733 3026 et
1748 2981 1804 3041 pro

91 3057 209 3119 iortitm
222 3059 327 3119 mundi
346 3059 480 3119 fallacias
502 3073 671 3134 repugnare
681 3057 786 3127 iecisti,
803 3062 834 3118 ut
848 3056 923 3119 nibil
976 3060 1097 3115 mortuo
1109 3055 1249 3116 deflendo
1263 3057 1442 3133 deprecatus
1454 3072 1532 3116 sum.

91 3147 807 3222 praessrmsscu10‚tuomagn0proterratamori
818 3146 922 3214 ;nobis
1011 3146 1151 3207 invocavi
1165 3145 1328 3210 Dominum
1339 3152 1458 3222 patrem
1474 3144 1592 3205 Domini
1606 3146 1675 3213 mci,
1692 3149 1724 3205 ut
1739 3161 1801 3205 non

93 3236 562 3310 quoquepeccatoribnstamulis
571 3234 923 3310 toisejusooucedopre.
976 3236 1223 3309 derelinquatme
1232 3236 1264 3295 in
1277 3236 1325 3295 die
1337 3235 1549 3306 tribulationis,
1563 3235 1572 3257 ·
1587 3238 1615 3293 st
1626 3235 1805 3307 intempore

94 3327 183 3383 cibus
194 3343 202 3393 ;
215 3330 248 3382 ut
257 3326 346 3383 nuliis
360 3326 497 3399 impediti
506 3326 737 3387 adversitatibus
748 3325 872 3392 inimici,
883 3325 923 3382 ad
977 3325 1177 3401 superborum
1190 3322 1255 3384 sine
1265 3324 1425 3399 adjutorio.

94 3421 121 3475 te
130 3415 296 3477 nummum
304 3431 466 3488 properare
473 3415 648 3479 tostinemus
654 3415 765 3480 invicti.
775 3426 808 3486 u.
817 3418 922 3479 lmen.
1015 3419 1158 3478 Laudabo
1169 3430 1281 3478 nomen
1304 3420 1390 3472 tuum
1414 3409 1546 3478 assidue,
1560 3412 1569 3429 '
1583 3414 1611 3470 et
1623 3410 1655 3469 in
1669 3416 1804 3487 tempore

127 3509 186 3563 Per
200 3503 436 3562 miscricordiam
446 3508 539 3570 tuem,
555 3510 610 3565 eto.
977 3508 1180 3582 superborum
1195 3508 1259 3567 sine
1269 3502 1430 3575 adjutorio.

127 3591 923 3670 [cmxrwaspomoss'umttcceuomioatutotocorde
1013 3598 1159 3657 exaudite
1183 3600 1229 3655 est
1249 3590 1346 3653 oratio
1374 3591 1477 3652 mee·
1505 3588 1650 3652 Liberoso
1670 3589 1804 3655 animum

95 3702 152 3743 suo
168 3682 302 3742 tascium
314 3682 598 3741 GoniessortuusN.
608 3680 921 3749 conflteturetcredit;
977 3701 1080 3747 msam

95 3774 172 3830 dum
187 3776 364 3845 conceptum
373 3775 577 3831 amarentua
591 3769 661 3828 ildei
675 3770 923 3831 confitendonar·
1013 3776 1037 3829 Α
1060 3774 1235 3849 perditione,
1251 3774 1260 3791 '
1274 3775 1303 3831 et
1321 3768 1454 3843 eripuisti
1471 3783 1522 3831 me
1540 3766 1578 3829 de
1599 3774 1733 3841 tempere
1751 3767 1806 3833 ini·

94 3868 150 3926 ret,
167 3866 196 3919 et
208 3860 358 3918 mirabilia
371 3865 423 3917 tua
436 3858 474 3915 de
494 3863 557 3923 toto
577 3858 666 3921 corde
687 3858 878 3931 pronuntiat;
891 3862 925 3913 ut
977 3878 1050 3937 quo,

94 3948 529 4012 omdmtasviumhaoeamus
540 3948 571 4006 in
582 3948 644 4016 ilio,
654 3947 685 4003 Ρ·
698 3951 729 4005 ¹1¹
739 3962 801 4020 (111⁰
811 3946 860 4005 itte
870 3961 924 4019 per
1013 3955 1172 4025 Propterea
1184 3949 1359 4017 confinior,
1374 3951 1404 4007 at
1424 3944 1760 4011 transdoromam·
1776 3951 1805 4011 ιι

95 4038 315 4101 confessionem
325 4037 571 4098 meruitinveniro
582 4036 761 4098 mercedem.
773 4035 923 4099 nesure
977 4040 1157 4099 benedicam
1173 4038 1291 4099 nomini
1306 4037 1434 4096 bomini.

94 4144 179 4202 ergo,
195 4134 224 4185 ct
237 4126 433 4192 exultassnoa
447 4125 494 4185 lac
504 4125 700 4197 iniciugiter,
715 4124 922 4184 otevidsnter:
1014 4131 1089 4194 cum
1105 4129 1205 4190 adbuc
1215 4128 1318 4202 junior
1337 4142 1414 4191 sum,
1434 4126 1616 4199 priusquam
1638 4138 1779 4193 errarem,
1795 4124 1806 4144 ⁶

95 4225 127 4275 ut
137 4220 173 4277 in
187 4220 215 4275 te
228 4215 397 4276 babeamus
411 4219 481 4287 post
492 4214 669 4277 discrimina
684 4213 828 4286 requiem.
843 4213 874 4271 P.
892 4215 923 4271 in
978 4219 1102 4294 quoesivr
1117 4217 1295 4291 sapientiam
1308 4216 1411 4289 palam
1423 4215 1454 4271 in
1469 4214 1604 4275 oratione
1618 4229 1698 4279 mea.

96 4322 160 4378 quo
174 4305 232 4361 illc.
247 4304 279 4365 tl.
293 4304 401 4373 Gloria,
416 4308 446 4361 et
463 4303 569 4360 honor.
586 4303 751 4367 uelocius
760 4303 923 4373 lioperto·
941 4343 964 4403 n
1013 4312 1228 4383 lnte=tempur
1242 4305 1436 4379 postulabam
1457 4319 1512 4377 pro
1524 4302 1584 4371 itta,
1601 4305 1650 4365 'et
1664 4302 1805 4377 usquein

97 4397 179 4451 mum
194 4396 278 4450 Ecce.
978 4397 1144 4459 novissimo
1158 4396 1310 4471 inquiram
1322 4409 1402 4453 eam.
1416 4395 1451 4463 lit
1461 4392 1553 4452 delini
1565 4394 1722 4467 tamquam
1732 4406 1806 4467 ptu-

134 4480 922 4547 orosmtrirabilisiosaucttstuis,nominerirtutnm.
978 4502 1117 4553 conone,

100 4572 210 4631 mandi
220 4571 370 4645 supptices
386 4569 804 4643 tuos,ctpeocatoriousnobis
815 4570 926 4633 beatio
1016 4578 1160 4638 mistum
1175 4578 1220 4634 asi
1241 4588 1293 4638 apr
1312 4587 1415 4634 meum
1432 4571 1463 4632 in
1476 4586 1521 4632 aa.
1537 4573 1552 4609 ἰ
1566 4568 1737 4644 Αωιιιιιιιιιι
1749 4584 1805 4643 pes

100 4662 169 4721 simi
183 4659 371 4720 Goniessoris
385 4660 427 4719 tui
440 4662 530 4731 eique
542 4658 692 4716 Pontiflois
707 4661 745 4719 N.
759 4658 926 4732 patrocinia
978 4681 1066 4731 maus
1080 4664 1136 4728 iter
1146 4667 1272 4730 rectum,

98 4750 217 4824 iargire
230 4753 260 4809 et
270 4750 422 4809 charitatis
436 4754 588 4822 perpetuus
601 4748 767 4811 ubertatem
786 4748 923 4814 attubus.
1015 4754 1204 4828 liuventute
1218 4768 1285 4814 mea
1298 4750 1517 4824 investigabam
1530 4748 1624 4811 illam.
1638 4748 1649 4769 ¹
1663 4743 1806 4825 inclinavi

97 4840 145 4898 ille
167 4854 311 4899 coronam
330 4838 446 4898 virtutis
461 4838 589 4909 meruit;
602 4852 659 4895 nos
681 4838 748 4908 eius
763 4836 923 4909 suffragiis,
979 4842 1099 4907 mediae
1113 4858 1218 4909 aurem
1234 4855 1345 4909 meam,
1360 4843 1389 4898 at
1403 4838 1504 4911 excepi
1518 4836 1612 4901 illam.

96 4933 124 4987 te
136 4932 281 4998 donante,
300 4929 419 4986 veniam
432 4928 601 4993 criminum,
617 4932 645 4983 et
658 4932 925 5000 pecemperpetuae
1015 4932 1137 4995 linitam
1144 4930 1245 4993 iuveni
1252 4927 1446 5001 mihimetipsi
1455 4924 1643 4999 sapientiem,
1653 4921 1805 4989 *multum

98 5018 248 5077 charitatis
262 5018 403 5089 consequi
416 5032 595 5077 mereamur.
610 5027 642 5087 lu.
658 5020 763 5079 Amen.
978 5019 1094 5095 proieci
1106 5020 1139 5079 in
1154 5035 1200 5081 ea.

132 5108 188 5165 Per
200 5106 446 5170 misericordiam.
1016 5109 1102 5166 bauti
1122 5108 1196 5166 mibi
1219 5106 1407 5182 sapientiam,
1428 5104 1509 5166 dabo
1526 5102 1664 5175 gloriam.
1679 5102 1694 5136 ¹
1707 5102 1806 5161 Consi-

410 5198 444 5253 ιιι
459 5197 611 5256 uadibus.
978 5196 1068 5255 liatus
1078 5196 1158 5253 enirn
1168 5202 1201 5255 ut
1215 5196 1344 5259 iacerem
1356 5194 1439 5255 illam
1455 5192 1584 5261 :aelatus
1603 5209 1682 5266 sum,
1697 5194 1730 5251 ut
1744 5206 1806 5250 non

131 5283 924 5358 acrosticum.antiplona.mnfiubortibiuomine
979 5284 1158 5344 confundar.

99 5375 171 5447 quia
184 5376 316 5435 liberasti
327 5392 378 5435 me
392 5375 616 5447 stupentibus.
633 5376 743 5449 paratis
757 5377 796 5435 sd
811 5392 923 5444 mam,
1016 5374 1179 5433 colluctata
1193 5378 1237 5432 est
1251 5372 1355 5435 anima
1365 5388 1435 5436 mea
1448 5372 1480 5437 in
1491 5372 1571 5441 itia·
1586 5376 1615 5441 ιι
1626 5374 1656 5443 to
1668 5370 1806 5441 truendo

105 5463 651 5535 stuomsnuounrsntiumsnimam
663 5480 777 5530 metm.
983 5478 1053 5525 sam
1068 5462 1361 5529 confirmatorium,
