4117 6175
829 270 1070 335 rsanrneiuu.
1744 281 1798 339 ,14

408 408 505 452 rearis
520 412 607 453 renis.
938 404 962 457 A
1012 402 1083 469 ouis
1098 401 1236 476 loquetur
1250 400 1400 475 potentias
1424 400 1541 462 Domini
1555 406 1564 429 ·
1577 402 1697 463 auditas
1709 403 1797 463 iaciat

288 482 424 552 Alleluia,
444 484 579 553 Alleluia,
596 484 729 545 Alleluia.
976 506 1082 548 omnes
1095 490 1201 549 laudes
1215 492 1289 549 eius.

131 575 207 631 Ana.
216 573 486 645 circumspicerem,
497 579 525 631 et
532 576 690 645 siccarunt
701 592 797 650 oque,
808 578 920 636 stobie-
1010 580 1103 647 Beati,
1116 581 1169 653 qui
1182 580 1353 638 custodiunt
1364 580 1512 653 judicium
1523 582 1538 615 s
1549 584 1578 637 et
1590 580 1702 640 iaciunt
1717 581 1797 639 iusti·

95 669 171 719 runt
185 663 215 717 te
225 663 447 731 sieoofiumtnu.
974 669 1030 727 tias
1041 670 1073 725 in
1082 670 1165 726 omni
1180 672 1318 742 tempore.

131 752 166 807 Et
178 750 300 807 intravit
312 749 404 807 lsrael
414 750 446 807 in
466 752 593 825 Aigyptc
605 751 622 786 1
633 756 662 810 et
674 754 766 812 Jacob
780 753 922 813 habitavit
1009 760 1154 815 ilemento
1168 758 1270 829 nostri,
1290 758 1425 827 Domine,
1445 762 1474 817 et
1493 756 1681 831 beneplacito
1699 756 1801 830 populi

96 840 127 895 in
144 843 256 896 terram
270 837 362 896 Chen.
973 846 1017 904 tui
1031 848 1043 871 '
1056 846 1146 905 visita
1159 862 1216 905 nos
1228 847 1259 904 in
1270 846 1393 905 salutari
1408 851 1470 906 tuo.

127 928 252 985 Etauxit
261 926 408 1001 populum
417 929 921 989 soumnimisretconiortavitsum
1009 933 1054 991 Ad
1065 934 1227 992 videndum
1238 936 1268 991 in
1279 936 1408 993 bonitate
1419 935 1581 993 electorum
1596 938 1716 993 tuorum
1730 936 1746 971 1
1760 934 1800 992 ad

95 1032 185 1088 super
197 1016 337 1073 inimicos
350 1017 423 1073 eius.
974 1021 1140 1080 loetaudum
1160 1023 1192 1080 in
1203 1023 1304 1081 latitia
1318 1022 1418 1095 gentis
1442 1028 1499 1081 tuae
1515 1041 1521 1079 ;
1537 1028 1571 1081 nt
1583 1021 1714 1081 lauderis
1731 1037 1799 1081 cunr

128 1104 281 1162 convertit
295 1119 468 1176 corsorum,
482 1108 514 1164 ut
527 1105 623 1164 odiret
636 1108 783 1182 populum
794 1108 859 1181 ejus
868 1109 884 1142 1
894 1109 922 1167 et
974 1111 1136 1168 hereditate
1151 1114 1212 1170 tua.

95 1193 200 1253 dolum
212 1194 321 1252 iaceret
334 1194 366 1251 in
376 1211 477 1254 servos
496 1196 569 1253 eius.
1010 1200 1205 1258 Peccavimus
1224 1217 1293 1258 oum
1312 1201 1448 1275 patribus
1461 1201 1571 1260 nostris
1589 1202 1721 1273 'iniuste
1735 1200 1797 1271 egi-

128 1284 206 1342 llisit
215 1286 334 1357 noysen
347 1298 468 1342 servum
477 1302 566 1343 suurn
578 1285 631 1345 'et
644 1291 753 1353 Aaron,
762 1300 854 1361 quern
867 1287 923 1345 ele-
975 1304 1053 1357 mus,
1067 1288 1238 1363 iniquitates
1250 1290 1384 1349 lecimus.

95 1374 136 1446 git
149 1374 266 1448 ipsum.
1010 1377 1110 1437 Patres
1125 1379 1220 1437 nostri
1232 1379 1263 1436 in
1276 1383 1402 1452 AEgypto
1417 1393 1478 1436 non
1493 1377 1701 1436 intellexerunt
1714 1377 1801 1436 mira·

132 1466 233 1522 Posuit
250 1463 283 1522 in
293 1465 335 1521 eis
346 1463 437 1524 verba
446 1464 600 1536 signorum
616 1471 767 1525 suorum*
781 1470 810 1525 ct
824 1466 924 1540 prodi·
975 1466 1049 1525 bilia
1055 1472 1107 1525 tua
1116 1467 1239 1527 *elnon
1248 1467 1366 1526 fuerunt
1377 1481 1527 1525 memores
1537 1465 1735 1525 multitudinis
1749 1465 1803 1523 mi·

98 1555 220 1626 giorum
232 1554 264 1611 in
274 1559 352 1611 terra
362 1553 465 1612 cham.
976 1554 1141 1613 sericordiae
1158 1562 1227 1617 tuse.

131 1641 212 1701 uisu
221 1643 372 1713 tenebras,
384 1648 412 1701 et
424 1643 599 1704 obscuravit
605 1647 677 1703 cos*
690 1648 718 1704 et
727 1643 924 1705 exacerbabe
1013 1648 1048 1703 lit
1056 1646 1247 1704 irritaberunt
1261 1662 1332 1703 eum
1346 1642 1541 1703 ascendentes
1557 1645 1588 1701 in
1601 1642 1692 1701 rubro
1706 1640 1802 1700 mari*

93 1738 169 1792 runt
179 1732 308 1789 verbnm
322 1734 395 1790 eius.
941 1748 965 1804 Β
979 1736 1008 1791 et
1019 1732 1155 1793 liberavit
1167 1751 1218 1793 eos
1229 1742 1348 1809 propter
1360 1746 1471 1793 nomen
1490 1746 1590 1797 suum,
1602 1736 1745 1789 utnotem
1758 1730 1802 1788 ia-

131 1822 280 1881 Conrartit
300 1837 396 1896 aquas
412 1837 515 1881 eorum
537 1824 726 1896 insanguine
747 1826 757 1847 ¹
777 1828 805 1882 et
817 1823 926 1883 occidit
979 1824 1108 1883 cereisis
1122 1825 1281 1899 potentiani
1298 1840 1396 1883 suam.

97 1913 202 1986 pisces
220 1927 337 1970 eorum.
619 1958 623 1964 .
1014 1913 1048 1970 ut
1060 1913 1224 1988 increpavit
1233 1913 1326 1972 rubro
1341 1912 1428 1983 meri,
1451 1914 1479 1971 et
1503 1910 1623 1968 recessit
1637 1910 1646 1931 '
1660 1914 1689 1967 et
1701 1906 1803 1967 eduxit

131 2000 208 2059 uisu
219 2008 304 2057 terra
318 2015 422 2059 eorum
434 2017 525 2060 renes
538 2006 553 2040 ¹
566 2002 598 2060 ln
611 2000 758 2059 cubilibus
771 2016 885 2073 eorum,
897 2005 926 2058 ct
979 2016 1031 2059 eos
1044 2000 1076 2059 in
1090 2002 1176 2077 aquis
1188 2000 1291 2060 multis
1306 2002 1383 2059 sicut
1394 2001 1424 2058 in
1439 1999 1566 2058 deserto.

95 2106 207 2162 regum
220 2091 365 2164 ipsorum.
1018 2086 1053 2148 lit
1065 2090 1201 2151 liberavit
1213 2108 1265 2150 eos
1275 2090 1313 2149 de
1325 2105 1420 2148 manu
1438 2086 1604 2147 odientium
1619 2089 1627 2107 '
1639 2089 1668 2143 et
1679 2084 1805 2143 redemit

134 2179 225 2249 Dixit,
247 2185 276 2237 et
285 2181 367 2238 venit
380 2182 519 2249 cinomia,
536 2186 564 2239 et
579 2181 697 2239 scinifes
711 2183 720 2200 '
736 2181 767 2238 in
781 2180 924 2240 omnibus
979 2203 1031 2247 eos
1044 2184 1082 2242 de
1096 2198 1189 2241 manu
1198 2180 1396 2237 inimicorum.

99 2269 215 2325 tinibus
229 2283 342 2326 eorum.
1015 2278 1049 2332 iit
1055 2272 1172 2349 operuit
1184 2286 1265 2344 aqua
1278 2268 1453 2327 tribulantes
1467 2282 1518 2325 eos
1539 2270 1547 2289 ⁸
1567 2270 1596 2323 ct
1611 2278 1688 2323 unus
1702 2278 1738 2321 ex
1762 2262 1804 2321 eis

135 2349 832 2431 Posuitplohiasacrumingrandinem‘ignem
846 2374 927 2417 com·
980 2380 1043 2424 non
1055 2361 1209 2420 remansit.

97 2448 261 2505 burentcm
275 2448 396 2506 interra
409 2449 554 2522 ipsorum.
1017 2455 1051 2511 ut
1063 2448 1253 2509 crediderunt
1263 2445 1357 2505 verbo
1369 2444 1434 2502 eius
1442 2442 1451 2464 ⁴
1459 2446 1488 2501 ct
1494 2442 1691 2502 cantaberunt
1702 2439 1805 2498 laudes

139 2536 173 2593 ut
192 2535 340 2608 percussit
352 2536 455 2595 vinces
472 2552 588 2609 eorum,
601 2541 630 2595 et
643 2536 789 2595 ficulneas
803 2536 927 2594 eorum*
981 2541 1058 2599 eius.

100 2630 129 2683 ct
142 2624 286 2682 contribit
298 2640 387 2683 omne
403 2626 519 2697 lignum
530 2626 637 2684 finium
652 2640 766 2683 eorum.
1017 2623 1274 2691 Acceleraberunt,
1295 2624 1325 2679 et
1346 2619 1430 2677 obliti
1444 2622 1512 2675 sunl
1526 2631 1650 2689 operum
1663 2614 1727 2671 eius
1741 2619 1752 2637 ¹
1778 2617 1807 2670 et

135 2714 225 2783 Dixit,
238 2715 360 2773 eivenit
372 2714 500 2781 lucusta.
515 2720 544 2774 et
563 2716 674 2773 brucus
687 2714 703 2749 s
717 2714 766 2771 cui
790 2728 853 2771 nou
866 2714 929 2770 erat
982 2732 1044 2775 non
1058 2714 1262 2772 sustinuerunt
1274 2707 1432 2767 consilium
1446 2708 1510 2764 eius
1525 2724 1531 2763 :
1549 2709 1579 2763 et
1590 2702 1807 2775 concupierunt

99 2818 259 2861 numerus.
983 2800 1241 2876 concupiscentias
1253 2800 1284 2857 in
1299 2799 1426 2857 deserto.

131 2887 230 2966 [xum]
242 2890 277 2952 Et
291 2891 488 2953 manducavit
498 2908 588 2951 omne
600 2889 715 2951 foenum
729 2895 814 2951 terrae
824 2904 929 2951 eorum
1018 2898 1053 2953 Et
1064 2893 1254 2952 tentaberunt
1268 2893 1362 2948 Deum
1375 2889 1407 2947 in
1422 2885 1563 2954 siccitate,
1579 2882 1663 2940 dedit
1674 2880 1717 2940 eis
1739 2879 1808 2953 peti-

98 2987 114 3017 ⁸
128 2988 158 3039 et
168 2996 293 3039 omnem
303 2981 433 3039 fructum
445 2987 529 3041 terra
543 2984 689 3058 ipsorum.
983 2985 1080 3044 tiones
1095 2978 1224 3043 eorum*
1237 2976 1387 3038 etinmisit
1400 2971 1622 3035 saturitetcmin
1635 2970 1752 3029 animas
1761 2983 1810 3026 eo

135 3072 171 3130 Et
177 3071 326 3145 percussit
334 3086 424 3130 omne
434 3070 668 3145 primogenitum
680 3070 712 3130 in
724 3073 802 3131 terre
811 3067 965 3158 Aigyptic
983 3091 1063 3137 rum.

100 3165 109 3180 '
124 3159 276 3234 primitias
290 3161 389 3220 omnis
401 3160 515 3220 laboris
532 3177 648 3220 eorum.
1020 3167 1053 3222 Et
1063 3161 1253 3221 irritaberunt
1265 3161 1384 3231 lloysen
1393 3155 1426 3213 in
1436 3152 1539 3214 castris
1550 3155 1560 3178 ⁸
1572 3153 1600 3208 et
1614 3153 1732 3208 iiaaron
1743 3161 1811 3204 san·

138 3253 175 3308 er
188 3249 292 3308 eduxit
303 3265 357 3308 eos
370 3249 403 3308 in
412 3255 547 3322 argento,
561 3255 588 3309 el
598 3265 673 3311 suro
686 3250 735 3309 ‘et
749 3265 812 3309 non
824 3250 889 3308 crat
899 3249 931 3304 in
984 3260 1066 3314 etum
1081 3250 1212 3312 Domini.

102 3338 203 3396 tribus
213 3353 319 3396 eornm
329 3338 478 3398 infirmus.
1020 3345 1130 3416 Aperta
1140 3342 1186 3397 est
1200 3345 1289 3406 terra,
1299 3338 1327 3392 et
1341 3329 1499 3404 deglutibit
1513 3327 1630 3388 Detan¹
1645 3329 1674 3384 et
1694 3321 1813 3398 operuit

139 3430 272 3486 neuim
285 3427 711 3502 estAEgyptueinprolectione
720 3428 846 3487 eorum'
860 3426 932 3499 quia
986 3447 1077 3505 super
1090 3443 1249 3502 synagoga
1263 3423 1386 3482 Abiron·

103 3517 215 3575 cecidit
232 3517 323 3574 umor
331 3531 537 3590 eorumsuper
550 3534 613 3575 cos.
1022 3519 1134 3578 Exarsit
1158 3516 1235 3588 ignis
1257 3515 1288 3570 in
1314 3524 1472 3586 synagoga
1496 3521 1600 3565 corum
1615 3507 1623 3522 '
1639 3509 1667 3562 et
1689 3501 1813 3559 flamma

140 3604 294 3679 Expendit
303 3605 640 3679 nubeninproteotione
650 3620 755 3662 eorum
767 3608 821 3661 ’et
832 3601 933 3676 ignem
988 3608 1120 3668 eomedit
1130 3609 1292 3680 pecatores.

104 3699 138 3753 nt
152 3693 268 3751 luceret
279 3694 322 3751 cis
337 3709 391 3767 per
404 3698 531 3751 noctem.
1024 3698 1166 3754 Fecerunt
1179 3690 1304 3748 vitulum
1320 3688 1351 3744 in
1367 3689 1455 3760 Orep,
1472 3688 1500 3742 at
1521 3679 1725 3741 adoraberunt
1739 3675 1815 3736 scul-

140 3784 296 3841 Petierunt
307 3798 422 3850 aarum,
446 3788 475 3842 et
500 3783 579 3841 venit
592 3782 729 3840 cuturnix
740 3781 756 3814 ⁸
773 3785 803 3842 ei
824 3795 935 3853 panem
988 3786 1072 3861 prilla
1083 3783 1094 3809 *
1107 3787 1136 3840 et
1149 3779 1345 3838 mutaberunt
1359 3774 1486 3848 gloriam
1501 3787 1585 3832 suam
1599 3769 1631 3827 in
1649 3765 1815 3826 similitudi·

104 3872 174 3930 coeli
187 3871 334 3930 saturavit
344 3886 407 3930 eos.
988 3890 1059 3932 nem
1069 3870 1154 3930 vituli
1166 3864 1378 3928 manducantis
1392 3864 1516 3922 imnum.
1795 3941 1800 3952 ι

141 3959 277 4033 Disrupit
288 3962 416 4032 petram.
430 3959 714 4033 etiluxeruntequae
727 3968 743 4002 ¹
757 3961 787 4016 et
798 3956 936 4016 abierunt
1025 3962 1114 4020 obliti
1139 3962 1210 4018 sunt
1223 3957 1328 4024 Deum,
1347 3955 1400 4028 qui
1422 3950 1558 4010 liberavit
1573 3963 1625 4008 eos
1641 3946 1656 3979 1
1671 3944 1724 4018 qui
1746 3943 1814 4002 iecit

102 4050 137 4106 in
150 4050 233 4106 sicco
243 4047 381 4106 flumina.
990 4050 1144 4124 magnalia
1156 4048 1187 4105 iu
1201 4047 1339 4119 AEgypto,
1355 4039 1626 4100 mirabilieinterra
1638 4034 1743 4100 ehem,
1756 4035 1814 4090 ter-

140 4139 220 4205 Quie
235 4153 351 4196 memor
362 4137 419 4196 luit
431 4135 516 4197 verbi
527 4137 623 4196 sancti
637 4137 684 4196 sui
695 4135 710 4170 1
722 4135 806 4210 quod
820 4134 937 4194 loeutus
989 4140 1088 4202 nmilia
1100 4140 1132 4198 in
1144 4136 1220 4196 mari
1232 4134 1335 4192 rubro.

104 4234 152 4287 11111
166 4227 209 4286 1111
223 4227 375 4286 1111111111
389 4243 518 4301 1111111111
533 4243 634 4286 11111111·
1025 4252 1059 4306 At
1073 4246 1147 4304 dixit
1160 4240 1333 4316 disperdere
1360 4255 1421 4306 eos,
1449 4236 1475 4294 si
1500 4249 1562 4292 non
1576 4236 1697 4305 ltoysen
1712 4243 1816 4286 servus

142 4320 181 4374 111
193 4316 554 4391 111111190111111111111111111
569 4314 791 4375 111111111111111
803 4313 936 4374 1111111·
990 4339 1054 4397 eius
1069 4335 1196 4394 stetisset
1215 4332 1247 4388 in
1261 4325 1495 4387 contradictione
1508 4323 1539 4380 in
1552 4321 1714 4393 conspectu
1729 4315 1792 4374 eius
1807 4313 1817 4338 ·

106 4411 243 4466 1011111111
257 4405 290 4462 111
302 4405 412 4464 1111111111·
952 4450 975 4506 1)
991 4432 1025 4486 ut
1041 4427 1186 4484 everteret
1199 4422 1276 4479 iram
1291 4417 1365 4484 eius,
1379 4430 1417 4473 ne
1427 4412 1613 4487 disperderet
1622 4424 1684 4466 eos.

143 4493 329 4552 3111111111*
343 4491 937 4566 ’1810111131111111111’111111111191101111·
1026 4527 1060 4582 ut
1072 4537 1127 4597 pro
1139 4517 1232 4579 nihilo
1246 4516 1416 4575 habuerunt
1433 4516 1542 4570 terram
1566 4502 1793 4565 desiderabilem
1809 4499 1818 4519 '

104 4582 451 4686 10111111110111111111111χ
526 4672 532 4684 ‚
702 4670 707 4682 ,
734 4670 740 4682 ,
993 4621 1092 4673 etnon
1104 4607 1293 4668 crediderunt
1307 4601 1483 4662 verbosius.

146 4673 184 4730 111
198 4671 372 4730 ⁰⁰⁸¹⁰d¹⁸¹¹t
383 4671 609 4730 ¹¹¹⁸t¹fl⁰⁸t¹⁰¹¹⁰⁸
628 4673 771 4730 omum*
791 4673 820 4728 ⁰t
841 4669 938 4740 legem
1027 4715 1062 4769 Ei
1076 4703 1342 4769 murmuraberunt
1354 4701 1384 4757 in
1403 4693 1605 4756 tabernaculis
1618 4706 1670 4750 sus
1683 4691 1690 4708 ⁸
1705 4691 1735 4745 et
1754 4698 1817 4746 non

108 4761 177 4819 eius
190 4759 360 4833 exquirant

501 4847 549 4907 cv
993 4800 1189 4860 exaudierunt
1197 4809 1299 4852 vocem
1314 4788 1440 4848 Domini.

417 4951 526 5003 curere
545 4953 636 4995 erere.

229 5022 365 5095 Alleluia,
384 5027 519 5093 Alleluia,
538 5025 672 5091 Alleluia,
687 5023 823 5083 Alleluia.

100 5117 275 5190 promia
288 5116 737 5264 vfflwffffmssafiw
759 5116 792 5170 m
806 5111 939 5171 omnim
1030 5177 1065 5233 Et
1081 5167 1244 5230 consecrati
1259 5169 1330 5222 sunt
1344 5159 1526 5236 Beelphegor
1544 5158 1559 5194 ¹⁸
1574 5155 1602 5211 et
1616 5149 1819 5210 manducabe·

147 5301 224 5354 Ana.
245 5296 317 5364 ouis
336 5297 472 5367 loquetur
490 5293 640 5365 porentia,
666 5293 796 5361 Domini,
819 5290 941 5350 auggg„
995 5268 1066 5324 runt
1077 5257 1223 5319 sacrificia
1237 5257 1434 5362 mortuorum.
1557 5341 1563 5356 .
1609 5341 1614 5354 Ι
1726 5334 1731 5345 Ι
1763 5333 1774 5356 .

97 5385 207 5461 lacta
219 5397 320 5442 omnes
329 5383 430 5442 territes
443 5386 515 5441 eiua
1033 5361 1067 5418 Et
1078 5355 1270 5418 irritaberunt
1284 5369 1353 5410 cum
1372 5366 1402 5407 in
1417 5339 1675 5407 observationibus
1687 5351 1749 5394 suis
1792 5335 1822 5390 et

150 5472 341 5534 coutimini
349 5473 488 5540 Domino,
501 5472 647 5546 quoniam
655 5471 755 5532 bonus
773 5469 943 5543 squfflgm
997 5445 1194 5521 multiplicata
1208 5447 1251 5500 cst
1263 5439 1450 5545 inclaruina.
1617 5527 1623 5539 ι
1782 5513 1788 5532 .

102 5561 303 5624 insecutum
313 5559 517 5622 praecordia
527 5559 602 5620 eius.
1037 5545 1119 5606 Stetit
1132 5541 1246 5608 Fineca
1259 5537 1438 5602 stererant,
1452 5534 1496 5592 est
1510 5529 1638 5590 cessavit
1657 5521 1820 5598 quassatio.

1029 4902 1063 4957 lit
1078 4893 1206 4955 elebavit
1220 4904 1345 4948 manum
1360 4900 1446 4943 suam
1457 4883 1489 4940 in
1503 4879 1570 4946 illis,
1584 4879 1619 4934 ut
1631 4873 1759 4932 deiceret
1767 4885 1818 4970 ece

994 4989 1026 5046 in
1041 4988 1157 5046 deserto
1170 4985 1179 5004 ·
1194 4985 1222 5038 et
1234 4983 1266 5036 ut
1275 4977 1403 5035 deiceret
1415 4985 1518 5030 semen
1531 4979 1635 5025 eorum
1645 4964 1677 5022 in
1690 4961 1819 5019 nationi·

993 5078 1062 5143 bus,
1076 5079 1105 5133 et
1116 5073 1298 5144 dispergeret
1309 5081 1360 5123 eos
1375 5079 1429 5136 per
1442 5060 1587 5131 regiones.
