4117 6175
103 213 173 272 raso
664 186 927 274 'senonensia
947 217 1220 283 -rasrautun
1744 229 1814 286 suo

438 341 590 412 Hymnus.
943 342 965 398 D
982 341 1156 419 iniquitates
1169 365 1177 414 ;
1192 353 1221 407 at
1239 365 1371 426 quorum
1378 357 1534 411 teotasunt
1548 352 1721 427 peccata.P.
1735 353 1813 420 Quia

171 432 317 495 Romane,
333 427 439 486 Christi
457 430 543 489 tortis
558 431 693 490 adsertor
704 430 766 502 Dei,
982 435 1024 493 hi.
1037 435 1070 498 it.
1088 438 1196 504 Gloria,
1212 445 1241 496 et
1255 441 1352 498 honor
1367 442 1456 500 Patri.
1473 443 1503 498 P.
1515 443 1590 509 Duie
1619 442 1650 499 hi
1661 446 1739 499 sunt.

134 515 268 591 bilinguis
282 517 344 575 oris
359 533 508 590 orgarmm
523 519 623 579 lautor
641 536 749 579 mose:
1019 525 1135 586 Oratio.
1147 529 1253 586 Sancte
1269 529 1400 604 Domine,
1411 530 1442 588 in
1454 531 1542 603 cuius
1552 546 1663 598 amore,
1674 531 1812 606 martyris

133 607 253 678 11113111
268 613 426 680 comptum
440 623 574 676 1111111111,
589 616 619 668 111
644 609 872 672 faustissimum.
983 613 1027 672 tui
1043 615 1168 674 Domani
1181 617 1232 688 pia
1242 618 1434 676 confessione
1448 623 1586 677 reamur
1608 636 1616 676 ε
1634 635 1758 677 oramus
1772 626 1811 688 te,

134 699 193 755 Pac
208 702 241 753 ut
254 699 376 755 tuarum
393 697 471 755 mira
490 697 617 756 laudum
632 698 802 757 concinam.
982 717 1161 776 quaesumus
1173 721 1181 773 3
1192 713 1232 774 ut,
1248 709 1299 781 qui
1314 713 1435 781 propter
1454 706 1549 766 David
1564 723 1686 766 servum
1715 714 1812 778 tuum,

172 785 229 856 Qui
244 785 305 843 scis
318 790 348 843 et
357 786 423 858 ipse
438 803 528 861 pesse
542 795 643 846 mutos
661 788 783 862 eloqui:
983 793 1090 851 Christi
1101 793 1144 852 tui
1157 794 1261 854 faciem
1274 796 1465 863 bonnuariis,
1482 801 1604 870 propter
1616 795 1810 854 nostamulos

136 875 282 932 Plectrum
296 874 399 948 palati,
414 881 444 934 et
466 877 598 935 taucium
609 893 706 935 sarus
716 876 770 934 tibi
984 885 1051 940 tuos
1067 885 1244 942 Sanctorum
1257 889 1377 944 tuorum
1390 885 1536 956 suffragia
1546 899 1609 944 non
1623 885 1765 944 retardes.
1778 895 1811 956 lt.

136 967 239 1022 Tortor
252 964 390 1035 revulsit;
406 981 462 1022 nec
482 972 584 1024 tamen
599 966 749 1024 silentium
983 972 1089 1029 Amen.

136 1052 310 1125 indixitors,
325 1069 388 1129 quo
404 1054 548 1114 fatebaris
563 1056 658 1114 Deum
674 1073 681 1110 r
1017 1059 1083 1119 Per.

173 1144 239 1200 vox
251 1142 384 1200 raritatis
393 1144 476 1201 testis
485 1147 617 1220 extingui
629 1143 750 1218 nequit3
1018 1149 1198 1220 antiplona.
1207 1151 1288 1210 Dabo
1298 1153 1450 1211 Sanctlsin
1466 1152 1563 1224 gloria
1575 1168 1582 1222 ;
1595 1156 1624 1211 et
1639 1152 1811 1211 nominatos

137 1231 187 1290 Vel
201 1230 343 1289 sirecisis
361 1231 487 1306 palpitet
498 1233 657 1301 meatibus,
982 1237 1013 1294 in
1029 1240 1169 1296 universa
1184 1240 1351 1307 terra,dioit
1363 1245 1517 1299 Dominus.
1531 1243 1603 1299 P.Dt
1613 1257 1675 1300 non
1685 1240 1811 1300 conlun-

137 1320 285 1378 Gbristum
297 1319 442 1394 loquendi
453 1321 559 1395 lingua
573 1337 740 1395 numquam
754 1320 854 1377 deluit.
982 1326 1092 1384 dentur
1106 1328 1137 1384 iu
1151 1333 1284 1401 tempure
1295 1329 1761 1404 illo,quomodceisbenclscero.
1776 1328 1808 1391 i.

136 1411 214 1471 Cum
230 1408 484 1484 predicaturipse
507 1413 670 1470 verborum
689 1409 785 1470 dator.
983 1414 1116 1474 Gloriam
1129 1417 1214 1488 regni
1229 1417 1271 1474 tul
1291 1417 1410 1476 dicem:
1428 1426 1456 1476 et
1476 1419 1641 1491 potentiam
1665 1424 1749 1476 tuam
1769 1417 1811 1475 lo·

173 1502 266 1565 uuna,
283 1500 525 1573 marryrsancts,
539 1499 636 1574 poscit
647 1505 676 1556 te
697 1499 785 1573 plebs
796 1498 926 1565 infirme.
982 1511 1122 1578 quentnr.
1138 1509 1170 1564 n.
1188 1506 1220 1564 Dt
1234 1522 1306 1564 non.
1321 1506 1352 1569 t.
1372 1506 1479 1576 Gloria,
1495 1512 1525 1564 et
1537 1507 1636 1565 bonor
1660 1506 1748 1565 Patri.
1777 1507 1808 1563 D.

137 1587 247 1646 Sordes
257 1587 414 1659 emundes,
429 1587 496 1646 dira
509 1588 604 1664 pellas
618 1589 767 1647 crimina:
984 1595 1104 1651 Etnon.

68 1728 73 1736 .
138 1677 226 1750 Ignes
235 1676 337 1734 averni
347 1691 414 1734 rore
428 1678 522 1749 digno
536 1678 731 1752 comprimas,
946 1692 970 1749 Β
1020 1683 1134 1742 Oratio.
1148 1685 1185 1741 Pe
1197 1683 1332 1754 Domine,
1341 1684 1468 1743 fideliter
1478 1685 1508 1742 in
1522 1699 1625 1743 amore
1637 1687 1811 1742 sanctorum

140 1768 173 1823 at
182 1781 237 1823 nos
251 1763 386 1824 beandos
399 1767 440 1823 ad
454 1783 586 1841 superna
600 1767 766 1841 pertrahas.
985 1776 1104 1830 tuorum
1116 1773 1240 1831 Domani
1253 1779 1281 1830 et
1295 1775 1361 1847 ejus
1376 1773 1525 1831 Comitum
1536 1773 1709 1848 suppliciter
1722 1773 1811 1830 iuro·

177 1857 276 1912 llonor
285 1855 323 1911 sit
334 1861 446 1912 caterno
471 1859 540 1922 Deo,
553 1856 591 1913 sit
605 1855 700 1929 gioria
984 1876 1108 1929 cemus;
1125 1867 1156 1918 ut
1169 1861 1245 1919 adsit
1260 1863 1354 1936 pietas
1380 1862 1557 1922 timentibus
1572 1867 1600 1920 te
1614 1861 1644 1918 in
1671 1860 1808 1926 salutem,

143 1943 197 2000 Dni
208 1943 296 2010 Patri,
312 1944 440 2018 ejusque
454 1943 511 2002 soli
528 1944 610 2013 Pilio,
983 1963 1053 2022 quse
1069 1949 1240 2008 amantibus
1254 1951 1364 2010 diffusa
1376 1957 1421 2009 ast
1433 1951 1466 2009 iu
1480 1952 1585 2009 virtute
1601 1967 1609 2008 r
1631 1955 1664 2008 ut
1677 1949 1812 2025 perficiat

142 2032 218 2089 Cum
228 2032 337 2104 Spiritu
350 2047 358 2100 ;
372 2048 442 2106 quse
464 2032 591 2091 'trinitas
602 2032 771 2106 perenniter
984 2052 1107 2096 cursum
1125 2039 1292 2097 vocationis
1302 2041 1332 2098 in
1347 2039 1491 2107 minimis,
1507 2040 1560 2114 qui
1590 2035 1812 2097 consummarit

140 2121 217 2178 Vivit
230 2125 336 2195 potens
348 2120 564 2180 insecutorum
589 2122 716 2180 surculis.
984 2128 1115 2185 fructum
1129 2126 1297 2186 dilectionis
1310 2129 1340 2184 in
1356 2128 1483 2187 Sanctis.
1500 2139 1532 2200 [p.
1544 2130 1650 2186 Amen.

178 2214 282 2268 Amen.
1020 2215 1075 2273 Per
1098 2215 1347 2275 misericordiam.

144 2300 338 2370 snpplicatio.
358 2301 496 2369 Dromos,
509 2306 544 2358 ast
561 2317 661 2374 snpra.
1018 2303 1812 2377 antiplonababosanottsmeisregnumtnnierusa·

144 2389 297 2459 capitula.
308 2389 453 2447 amabilis
467 2391 544 2449 servi
556 2390 721 2448 beatissimi
730 2389 857 2449 Romani
876 2389 928 2457 tui,
982 2390 1044 2451 lem
1060 2409 1066 2450 :
1081 2390 1281 2464 lignumeuim
1297 2393 1513 2453 vitoeeritaiain
1523 2391 1811 2465 odoremunguentl.

104 2477 218 2536 Christe
229 2477 429 2546 Deusnoster‚
449 2480 587 2538 victorias
604 2480 799 2549 celebrantes,
818 2479 930 2554 quibus
983 2483 1119 2539 P.Dtnou
1131 2482 1323 2554 laborabunt,
1342 2498 1440 2557 neque
1453 2483 1668 2556 fatigabuntur.
1675 2481 1809 2540 Alleluia.

102 2567 260 2626 inimicum
272 2566 686 2644 ildeiCbristiauoetemplitui
697 2569 809 2627 lumina
820 2570 930 2627 intrare
982 2569 1015 2632 i.
1027 2572 1106 2629 Beati
1119 2571 1306 2630 immaculati
1315 2573 1345 2629 in
1356 2573 1423 2630 via:
1440 2573 1492 2646 qui
1515 2570 1717 2631 ambulantia
1745 2570 1810 2643 lege

101 2672 279 2730 noupassus
287 2662 343 2728 est,
356 2661 383 2715 te
396 2669 582 2732 quesumus,
599 2664 626 2715 te
640 2673 804 2731 rogamus;
828 2664 858 2714 ut
875 2663 930 2732 pet·
984 2656 1112 2716 Domini.
1130 2659 1161 2716 P.
1183 2659 1217 2716 Et
1230 2673 1302 2717 non.
1313 2657 1344 2720 i.
1358 2658 1467 2727 Gloria,
1483 2665 1511 2716 ct
1521 2659 1628 2716 bonor.
1641 2662 1670 2716 P.
1688 2662 1723 2717 Dr
1736 2674 1808 2717 uon.

103 2760 174 2803 eum
189 2745 276 2802 nobis
289 2746 409 2819 aperias
424 2747 610 2814 Paradisum,
625 2763 678 2820 per
691 2763 784 2820 quem
798 2745 929 2804 infideli·
1020 2748 1141 2806 Oratio.
1152 2749 1215 2805 Vite
1227 2749 1411 2814 Sanctorum,
1422 2747 1615 2821 omniumque
1626 2746 1810 2804 fidetiumvi·

101 2835 159 2891 bus
168 2835 303 2893 Ecclesiae
314 2836 525 2896 tureobserasti
540 2837 707 2905 introitum;
724 2840 757 2893 ut
768 2851 822 2908 per
837 2851 929 2911 quem
984 2835 1071 2893 villoa
1087 2835 1343 2900 animasnostras,
1354 2836 1550 2910 Omnipotens
1563 2836 1641 2892 Deus
1652 2833 1811 2909 5etquibe·

102 2924 327 2982 incredulorum
339 2930 384 2982 est
396 2927 520 2998 repulsa
531 2926 668 2998 pertldia,
693 2940 748 2999 per
762 2940 833 2983 eum
853 2925 930 2984 tides
981 2923 1096 2983 nellciis
1111 2923 1168 2982 tuis
1179 2923 1483 2998 adjuvasserrientes,
1492 2939 1679 2997 coronasque
1690 2922 1810 2982 sincen-

106 3012 372 3088 nostroperveoiat
384 3015 422 3072 ad
445 3029 600 3083 coronam,
615 3015 760 3072 Piissime.
948 3019 1037 3099 ctas,
1055 3013 1322 3073 intervenientibus
1332 3013 1589 3073 sanctisitomano
1601 3013 1701 3086 eteius
1712 3013 1809 3070 Gemi·

140 3105 224 3161 Peter
233 3109 343 3161 noster.
361 3103 515 3163 liberatio
528 3105 620 3165 malo.
630 3105 686 3177 fol.
706 3109 733 3162 2.
984 3103 1493 3180 Dbusmartyribus‚qutesumus,ut
1503 3120 1559 3162 nos
1572 3109 1751 3179 tuasemper
1760 3118 1811 3161 so·

136 3191 317 3252 Benedictio.
332 3192 466 3251 Christus
476 3194 693 3268 Dominus‚qui
711 3194 864 3266 elinguem
875 3196 929 3251 lto-
982 3191 1096 3251 luntate
1110 3192 1288 3259 sanctifices,
1304 3191 1560 3254 semisericordtn
1588 3191 1728 3264 largitate
1741 3206 1811 3251 con·

100 3296 218 3339 manum
224 3296 309 3339 suum
316 3287 472 3357 martyrem
478 3282 548 3341 lecit
554 3282 724 3341 mirabiliter
730 3283 927 3357 eloquentem,
981 3280 1094 3339 lirmcs.
1109 3292 1141 3345 D.
1157 3286 1264 3338 Amen.

97 3375 278 3429 canestrum
288 3370 570 3446 sibilaciatsemper
581 3370 760 3431 fructificare
771 3374 927 3445 rnamen.
1018 3372 1074 3429 Par
1088 3370 1327 3429 misericordiam
1343 3376 1438 3428 tuam.

99 3460 133 3515 Et
148 3457 201 3532 qui
213 3458 245 3515 in
259 3458 310 3517 illo
337 3463 409 3533 post
419 3459 639 3519 abscissionem
669 3460 778 3535 linguae
790 3460 929 3519 lormasit
1018 3472 1051 3533 tp.
1074 3463 1147 3518 Ecce
1168 3460 1314 3520 Dominus
1329 3460 1437 3530 venter,
1453 3462 1482 3518 et
1495 3471 1602 3517 ornnes
1616 3458 1718 3517 Sancti
1744 3459 1810 3533 ejus

97 3548 195 3605 verbe
204 3548 403 3621 flammantia,
418 3549 542 3608 iurabis
557 3554 625 3623 post
637 3549 853 3608 contessionem
867 3549 929 3608 oris
982 3566 1052 3608 com
1067 3565 1103 3608 eo
1119 3566 1125 3606 :
1141 3555 1170 3607 st
1183 3551 1238 3608 erit
1254 3550 1286 3608 iu
1296 3549 1344 3607 die
1356 3550 1408 3607 illa
1425 3549 1478 3607 lux
1491 3564 1624 3621 magna3
1639 3552 1668 3607 et
1681 3547 1760 3607 exiet
1773 3546 1812 3605 d⁰

98 3637 244 3695 virtutum
254 3636 389 3695 conlmat
402 3637 484 3696 dona
499 3655 507 3694 ε
520 3648 552 3709 n.
564 3640 668 3695 Amen.
687 3641 721 3696 Dt
749 3637 929 3711 disciplinati
982 3638 1168 3697 Hierusalem
1182 3640 1271 3714 quasi
1282 3654 1363 3713 aque
1372 3638 1537 3696 munda.P.
1550 3639 1585 3695 Et
1601 3636 1741 3709 regnabit
1752 3639 1811 3694 Do·

97 3727 162 3785 oris
176 3726 322 3785 babentes
335 3742 454 3801 semper
467 3727 612 3794 oltlcium,
628 3728 660 3785 iu
674 3743 711 3785 ea
736 3728 851 3801 lingua,
867 3745 930 3804 qua
984 3728 1085 3786 minus
1099 3728 1130 3786 in
1141 3734 1287 3787 aeternnm
1303 3744 1394 3803 super
1406 3742 1529 3785 omnem
1538 3731 1658 3785 terrem.
1672 3726 1814 3789 tinniet

101 3814 529 3889 couiitcmiuiDeopeoceta,in
542 3832 578 3873 ca
592 3817 678 3874 stiam
690 3817 866 3875 mereamini
877 3818 929 3875 im·
983 3816 1015 3874 in
1034 3816 1167 3874 nubibus
1180 3816 1326 3874 Dominus
1339 3814 1685 3873 :stridebiteumomnis
1693 3816 1810 3873 oculus.

102 3904 927 3979 patrarepeccatorumomniumindulgentiamnmmen.
985 3904 1017 3961 P.
1033 3906 1068 3962 Dr
1078 3904 1226 3976 regnabit.
1240 3905 1271 3968 i.
1286 3904 1394 3973 Gloria,
1411 3908 1440 3963 et
1452 3903 1559 3963 honor.
1571 3906 1602 3961 P.
1618 3906 1653 3961 Et
1664 3902 1810 3975 reguabit.

139 3992 194 4050 Per
208 3991 445 4053 misericordiam
467 3994 571 4068 ipsius.
1022 3993 1136 4051 Oratrc.
1148 3993 1440 4066 omnipotensDeus‚
1449 3992 1555 4067 quita
1570 3994 1694 4065 terporis
1701 4007 1812 4066 prece·

140 4080 258 4139 taccu
273 4081 421 4140 Gaudium
433 4084 656 4156 sempiternum.
676 4085 734 4155 sot.
758 4100 842 4141 cusu.
985 4081 1130 4141 dentibus.

146 4169 260 4230 Oratio.
272 4171 468 4243 omnipotens
480 4170 571 4237 Deus,
582 4172 635 4246 qui
653 4187 708 4246 per
727 4172 932 4233 beatissimum
1292 4172 1326 4229 ln
1353 4171 1509 4229 laudidus.

108 4258 934 4324 RomanumtoreaEcclesioeintldelibusclausitclaustra
1022 4260 1068 4318 Ad
1080 4259 1250 4321 Canticum.
1260 4262 1436 4333 antiphona.
1452 4262 1564 4318 Dmnes
1589 4259 1698 4319 Sancti.
1714 4260 1815 4319 conti·

108 4346 197 4403 nobis
210 4347 398 4406 credentibus
412 4348 620 4422 aperiatregni
634 4350 932 4423 sui;etquiellnguis
949 4392 972 4447 ὓ
987 4364 1066 4406 cum.
1080 4348 1226 4407 Dominus
1241 4350 1279 4406 cle
1291 4350 1371 4407 Sina.
1388 4348 1501 4407 orosio.
1517 4348 1811 4408 VenisseteDcmine.

107 4432 171 4491 oris
181 4436 388 4508 ajusoilicium
398 4436 661 4495 suadectaravitiu
674 4437 771 4505 laude,
786 4438 934 4511 suffragia
986 4436 1029 4494 Ad
1042 4438 1227 4497 Benedictus.
1244 4438 1421 4512 antiplona,
1436 4436 1812 4497 Sanctiethumilcs.Sonc.

107 4522 176 4595 eius
186 4524 390 4598 suscipistpro
400 4530 565 4583 rostrorum
573 4526 733 4583 criminum
746 4528 933 4587 emundatio·
987 4526 1044 4584 Via
1053 4526 1334 4600 justorumboudu.
1343 4527 1475 4586 Laudato
1490 4529 1660 4587 Dominum.
1679 4528 1813 4585 Pontinus

106 4629 146 4671 ne
161 4629 169 4669 z
186 4618 219 4672 ut
242 4615 274 4671 in
298 4630 360 4688 quo
384 4615 503 4689 parvoli
528 4615 671 4673 'theoduli
694 4615 769 4674 tides
793 4617 932 4678 roborato
986 4616 1442 4689 exorruPropltetimlustorum
1468 4616 1588 4675 animm.
1611 4618 1714 4684 Quare
1734 4614 1812 4686 sotio

104 4702 255 4778 [cccxxiv]
268 4704 383 4778 peregit
396 4704 584 4777 martyrium,
600 4704 632 4763 in
643 4719 680 4763 eo
698 4710 726 4763 et
739 4722 795 4764 ros
817 4708 931 4767 habea·
985 4720 1091 4763 csxsu.
1101 4706 1248 4778 Hymnus.
1256 4708 1399 4774 Domana,
1409 4706 1514 4764 Christi
1533 4709 1567 4763 sst
1579 4719 1682 4775 supra.
1695 4703 1813 4775 suppti-

104 4791 144 4849 tis
159 4794 318 4866 praemium
332 4793 560 4866 sempiternum.
582 4805 614 4866 tp.
631 4798 735 4853 lmen.
985 4798 1076 4853 cotio.
1089 4796 1214 4853 oremus
1227 4795 1463 4869 Redemptorem.
1483 4796 1539 4867 sot.
1552 4796 1580 4849 i.

142 4880 199 4938 Per
221 4882 468 4941 misericordiam.
1022 4886 1175 4957 caperato.
1190 4886 1277 4951 Deus,
1288 4886 1341 4959 qui
1354 4884 1529 4942 beatissimo
1540 4884 1675 4939 Romano
1685 4882 1812 4954 martyri

388 4971 439 5027 Ad
449 4971 643 5029 Durostorum.
984 4977 1037 5031 tuo
1051 4972 1109 5031 hoo
1124 4973 1291 5048 specialiter
1305 4975 1336 5032 in
1355 4974 1437 5031 dono
1463 4970 1564 5042 matie
1588 4968 1761 5043 prestitisti,
1781 4973 1813 5027 ut

135 5059 926 5131 Antiphone.Danobisioetitiam.Psetmtsss.Oratio.
983 5068 1053 5137 post
1065 5062 1267 5121 abscisionem
1282 5059 1532 5131 carnalislingues
1547 5056 1653 5116 melius
1663 5062 1691 5117 te
1707 5056 1813 5117 verbo-

99 5147 204 5207 uscos
218 5146 318 5205 nobis.
336 5147 393 5219 sol.
408 5164 504 5207 csxru.
983 5164 1053 5209 rum
1067 5151 1213 5217 daurom,
1229 5158 1258 5209 st
1270 5146 1624 5223 affluentiusprsedtcarst
1637 5150 1686 5205 :te
1702 5146 1813 5221 suppli·

136 5236 929 5314 antiptonomsstsnonrumcnmnndtspoosmsnn·
983 5255 1035 5298 ces
1049 5254 1235 5313 quaesumus,
1250 5244 1283 5296 ut
1312 5252 1454 5309 organum
1478 5236 1589 5309 lingum
1618 5240 1728 5295 nostres
1752 5234 1812 5292 tuis

95 5328 154 5382 otis
169 5330 253 5395 meis,
269 5324 340 5383 dicit
350 5326 511 5383 Marinus:
528 5326 928 5399 etcopnosceturinterGen·
983 5343 1104 5402 semper
1112 5328 1204 5386 iacias
1214 5329 1331 5401 legibue
1343 5328 1510 5388 deservire:
1524 5330 1558 5384 ut
1570 5326 1683 5386 sanctis
1695 5330 1811 5385 Datum

95 5420 142 5470 tes
154 5427 279 5484 germen
290 5428 396 5471 eorum
408 5414 458 5483 ;P.
474 5413 549 5480 Dola
559 5413 588 5471 lsi
601 5420 672 5473 sunt
686 5431 801 5482 semen,
814 5418 862 5473 cui
876 5416 928 5475 be
981 5414 1090 5475 ciliciis
1105 5418 1321 5492 mancipatum,
1336 5408 1525 5492 beneptaotra
1537 5416 1591 5477 tibi
1613 5430 1735 5492 semper
1760 5416 1811 5475 da·

93 5500 213 5560 nedixit
226 5500 384 5562 Dominus.
395 5500 428 5563 i.
445 5501 534 5570 matt,
556 5516 687 5577 quorum
709 5503 927 5565 remensum
981 5505 1102 5567 roboae
1116 5504 1288 5567 famuletur.
