4117 6175
101 156 168 215 ran
689 162 1238 235 sauciemus-„aestarent
1737 131 1811 251 'aru

138 279 391 357 [ocui1JDeditam
405 285 498 345 sacris
513 304 520 347 z
538 288 654 353 chorus
669 289 739 353 indo
755 290 869 368 surgit,
943 292 968 349 Α
983 290 1183 355 norissimaet
1191 295 1371 373 antiquario
1378 296 1611 369 formosianam
1620 302 1749 375 posuisti
1759 323 1809 370 ιιι·

135 368 240 429 Tendit
249 371 280 429 iu
298 373 408 430 crrlum
418 374 524 433 niveus
539 382 647 449 togatae
981 396 1035 453 per
1049 398 1097 439 me
1118 400 1235 444 manum
1258 390 1354 443 tuam.
1369 386 1402 442 P.
1414 384 1505 443 valde
1520 389 1704 451 confortatus
1717 396 1806 467 esti,

243 460 422 520 Nobilitatis.
981 469 1089 545 Gloria,
1105 478 1135 530 et
1148 474 1246 533 honor
1263 474 1342 533 Patri
1357 478 1387 530 et
1417 473 1499 535 Filio.
1515 477 1547 537 P.
1574 478 1665 539 Valde
1687 485 1806 548 coniur-

172 548 258 608 Solua
272 566 434 609 occurrens
455 556 677 617 numerosiores
980 563 1069 618 tetus.
1591 559 1594 566 ⁴

134 638 299 715 Martyrum
311 638 414 702 turbas
433 642 562 705 Domino
573 644 711 723 parasti:
1014 650 1333 713 morranominauesu
1345 653 1666 737 christequisummos
1677 662 1802 735 Aposto-

135 726 220 789 Solus
231 730 379 805 praedives
391 733 511 806 pietate,
535 732 630 803 multa
977 736 1023 795 los
1038 742 1106 800 tuos
1120 742 1240 805 Petrum
1254 745 1284 804 et
1300 742 1439 809 Paulum,
1452 758 1550 804 unum
1563 761 1662 815 cruca,
1674 748 1801 813 alterum

239 816 318 877 Luco
327 818 443 881 irueris.
978 827 1080 900 gladio
1091 832 1273 891 consecrasti
1281 850 1291 907 ;
1304 831 1523 913 prastanobis,
1534 837 1567 893 ut
1579 839 1607 894 st
1616 836 1722 897 Petrus
1738 856 1805 899 oru-

167 910 210 967 En
225 908 302 967 zoile
317 915 375 969 tura
385 912 515 971 victoriae
538 914 674 989 palmam
977 932 1044 978 cam
1053 935 1137 978 snam
1145 920 1252 981 tollens
1261 925 1288 981 ta
1297 923 1452 1000 sequendo
1464 939 1522 983 nos
1528 922 1677 1001 adnabat,
1689 931 1719 989 et
1725 928 1803 990 Pau-

132 996 233 1059 Clcrua
246 997 295 1062 hio
307 1004 408 1061 tantam
422 1001 550 1079 perperit
571 1005 756 1081 triumphum
770 1024 779 1073 r
975 1006 1024 1069 tus
1033 1009 1299 1087 pmtedimicaudo
1306 1016 1395 1091 atquo
1401 1012 1547 1087 spirituali
1553 1013 1803 1079 affectucamalia

131 1090 183 1151 liic
197 1090 387 1150 sacerdotum
398 1091 525 1152 infolata
545 1094 655 1154 domus
977 1096 1148 1159 desecando
1162 1116 1219 1159 uos
1231 1100 1284 1162 tibi
1297 1102 1462 1178 coniungat
1470 1120 1480 1176 ;
1495 1102 1543 1162 illc
1557 1103 1665 1164 doceat
1675 1106 1801 1167 iucruoe

237 1179 371 1239 Celebret
380 1187 494 1241 votum.
977 1200 1108 1255 manere,
1122 1186 1179 1245 iste
1194 1189 1295 1261 gladio
1306 1190 1492 1265 triumphare
1508 1207 1516 1249 :
1531 1196 1564 1251 ut
1578 1191 1693 1253 tihinoe
1706 1200 1734 1253 et
1745 1210 1800 1271 per

167 1266 295 1327 Gloriam
305 1268 412 1343 psallat
426 1270 550 1339 Glrorus,
559 1279 587 1331 et
598 1275 728 1337 resultat.
974 1274 1096 1333 Petrum
1109 1292 1183 1333 crux
1196 1276 1302 1336 offerat
1315 1280 1552 1351 coniungendos,
1566 1285 1655 1359 etper
1669 1282 1798 1343 Paulum

128 1354 258 1417 Gloriam
274 1356 364 1431 dicat,
373 1366 472 1427 canat,
489 1367 517 1422 ct
530 1362 662 1426 revolvat
678 1384 686 1429 ;
973 1364 1074 1436 gladio
1086 1368 1238 1426 consociet
1252 1368 1455 1443 coronandos.
1468 1380 1502 1442 lu.
1516 1372 1622 1428 Amen.

126 1447 244 1509 Nemini
263 1448 361 1515 Triuo,
379 1450 482 1513 usitati
507 1450 562 1516 soli
1006 1456 1322 1517 Permiserirordiam.

197 1538 301 1601 sidera
315 1536 455 1605 clamant.
1006 1556 1041 1620 ip.
1062 1548 1172 1615 Sancti
1187 1548 1364 1623 quijustitia
1377 1548 1550 1607 erudierunt
1563 1548 1683 1618 multos,
1697 1549 1796 1623 ialge-

161 1628 266 1685 Amen.
931 1649 954 1707 B
967 1633 1055 1705 huot,
1071 1636 1148 1693 siout
1162 1637 1305 1711 splendor
1320 1637 1511 1697 firmamenti.
1527 1638 1561 1696 P.
1572 1641 1603 1695 ut
1618 1639 1794 1699 alcutstelles

406 1719 465 1777 Dlli
479 1722 592 1782 xxviii.
968 1724 1035 1781 coeli
1049 1725 1080 1781 in
1097 1731 1242 1798 perpetua
1256 1728 1427 1784 eternitate.
1437 1726 1469 1787 i·
1484 1728 1532 1789 isti
1552 1732 1621 1795 sunt
1636 1728 1795 1787 ririsaucti

141 1862 149 1873 ,
193 1822 222 1865 ιιι
239 1823 343 1867 vrorum
357 1825 556 1875 arosroaoauu
572 1826 648 1871 raam
670 1828 703 1873 ιτ
716 1828 804 1873 rausi.
967 1830 1041 1887 quos
1053 1813 1141 1884 elegit
1151 1815 1297 1874 [lominus
1321 1817 1353 1872 in
1367 1814 1512 1875 charitate
1526 1832 1588 1873 non
1602 1817 1693 1875 ficta:
1713 1824 1742 1877 et
1755 1818 1794 1877 ab

374 1902 624 1963 accerrimam.
967 1917 1072 1965 aarum
1087 1903 1225 1963 doctrina
1248 1904 1341 1978 fulget
1351 1904 1491 1974 Ecclesia,
1506 1912 1539 1962 ut
1554 1906 1622 1965 Sola
1649 1910 1744 1966 Luna.
1758 1908 1791 1967 P.

122 1988 305 2059 Antiphone.
316 1990 359 2047 Da
369 1990 456 2051 nobis
467 1991 781 2051 laetitiaml’solmusn.
791 1992 929 2053 Oratim·
967 1993 999 2048 Et
1023 1992 1101 2050 sieut
1127 1993 1229 2051 creua.
1245 1994 1276 2057 l·
1293 1994 1401 2067 Gloria,
1424 2000 1454 2055 si
1470 1994 1579 2056 honor.
1593 1996 1626 2053 P.
1658 1998 1691 2055 ut
1714 1996 1792 2065 ment

86 2076 188 2133 Redde
198 2079 295 2146 nobas,
312 2080 437 2147 Domine
458 2080 600 2139 letitiam.
616 2082 721 2151 Quare
733 2084 807 2157 solio
820 2100 911 2141 anxur.
967 2080 1072 2142 staua.

122 2166 291 2239 Antiphone
306 2174 331 2228 l.
347 2170 420 2227 Dedi
432 2171 474 2227 eis
484 2178 635 2245 praecepta
646 2172 796 2241 mea,dicit
813 2174 911 2230 Domi·
1286 2174 1323 2231 Io
1335 2174 1496 2232 Laudibus.

86 2270 144 2311 uus
159 2272 166 2313 :
179 2256 215 2312 Ρ.
238 2260 270 2315 Et
284 2258 400 2331 judicia
412 2276 479 2319 maa
509 2261 625 2319 ostendi
638 2261 696 2319 illis
721 2267 842 2335 propter
856 2278 910 2319 no·
1000 2262 1041 2327 ,ld
1053 2262 1217 2323 Canticum.
1230 2262 1415 2333 Antiphone.
1427 2261 1586 2333 lliligentes
1604 2267 1643 2331 te,
1655 2263 1792 2325 Domino.

86 2360 157 2402 man
169 2362 281 2413 mcum,
294 2348 472 2407 utlaudetur
483 2350 513 2409 iu
526 2350 606 2408 sion.
620 2350 651 2413 il.
669 2350 758 2421 Beati,
771 2352 822 2427 qui
845 2368 911 2409 cus·
966 2352 1127 2410 Canticum.
1144 2352 1312 2426 Quispoute
1326 2351 1485 2409 obtulistis.
1495 2353 1685 2425 Querssolio
1697 2368 1792 2413 curu.

85 2434 204 2493 todiunt
214 2436 372 2507 judicium,
388 2442 418 2494 et
429 2436 540 2498 iaciunt
553 2440 684 2511 justitias
695 2440 727 2497 ln
743 2440 826 2499 omni
836 2446 910 2497 tem·
998 2442 1046 2501 Ad
1061 2441 1576 2514 Benedictus.lutipiooo.sanotiat
1589 2440 1718 2501 humiles
1728 2458 1793 2508 cor·

84 2538 165 2598 pore.
180 2526 217 2581 P.
237 2527 270 2581 Et
282 2526 396 2597 judicia
407 2543 485 2588 mea.
497 2527 527 2591 it.
545 2528 653 2601 Gloria,
670 2534 699 2587 et
718 2530 865 2589 hononP.
877 2532 911 2587 lit
963 2528 1614 2602 de,apirituaetauimmjustorum,beoadioite
1621 2531 1789 2589 Dominum.

81 2612 197 2684 iudicia
223 2630 302 2671 mee.
896 2610 912 2643 ’
963 2620 1035 2677 iusti
1043 2624 1072 2676 ct
1090 2619 1278 2687 sacerdotes,
1292 2618 1390 2678 sancti
1399 2623 1428 2680 et
1438 2616 1568 2678 humiles
1579 2618 1681 2688 eorde,
1700 2619 1792 2679 bena·

120 2702 230 2760 Oratio.
248 2703 370 2761 Domine
382 2705 453 2761 iesu
465 2706 590 2773 Glanate,
604 2706 656 2780 qui
670 2706 709 2765 ad
722 2722 827 2765 rocem
840 2722 910 2765 con·
963 2706 1053 2764 dicito
1067 2707 1240 2765 Geminum.

80 2790 497 2867 quirenriaretripromittiera
508 2796 704 2869 sequentibus
717 2796 909 2867 irregenera-
998 2795 1103 2871 [costr]
1115 2798 1275 2856 cestuum.
1287 2794 1462 2856 Benedictus
1478 2810 1511 2853 cs
1526 2794 1662 2854 Domine·
1680 2796 1740 2866 [ol.
1758 2799 1788 2857 c.

82 2879 458 2957 tlonedaturum‚utsupra
471 2884 597 2945 thronos
606 2885 766 2946 duodecim
773 2886 906 2954 sedeant,
996 2886 1088 2949 Seno.
1105 2884 1787 2958 saluajuatorumauomiooaatP.utsa1raoit

82 2974 110 3025 et
132 2975 307 3044 potestatem
339 2970 500 3034 duodecim
527 2975 622 3033 tribus
645 2975 802 3049 judicandi
832 2975 907 3033 acci·
923 3008 944 3066 C
963 2990 1026 3035 eoa.
1041 2975 1176 3040 alleluia,
1207 2975 1346 3040 alleluia:
1366 2974 1399 3039 ll·
1418 2974 1569 3045 Quoniam
1591 2980 1789 3051 sporavmuut

79 3058 164 3133 piant
175 3081 182 3124 r
195 3076 257 3134 quo
269 3062 610 3138 promissionismuoarc
622 3070 650 3122 ct
659 3067 775 3124 Petrum
783 3070 908 3138 postne·
961 3064 992 3124 iu
1009 3066 1104 3128 Deum
1120 3066 1231 3127 sirum.
1244 3066 1285 3125 P.
1298 3068 1332 3124 lit
1342 3064 1480 3126 iurauit.

80 3151 410 3221 gationemoblectas,et
424 3155 546 3220 Paulum
562 3155 907 3229 postexoursuoriufide·
999 3154 1771 3220 nauca.Laucateuoninunuacoelis,suetonriou

76 3239 167 3297 litatis
184 3257 378 3300 remuneras:
399 3243 473 3303 dum
485 3243 527 3308 itii
545 3249 613 3318 post
624 3244 829 3316 penitentiam
846 3261 907 3302 non
961 3246 1112 3304 datceum
1131 3245 1163 3301 in
1178 3245 1314 3302 excelsis.
1338 3244 1472 3311 Alleluia,
1501 3243 1631 3301 alleluia.
1644 3245 1785 3302 Paulusne

78 3328 184 3398 obtuit,
198 3331 277 3403 quod
287 3332 418 3404 negavit,
432 3338 461 3392 ιι
470 3333 519 3392 isti
530 3338 601 3408 post
612 3337 839 3398 couversionem
861 3350 906 3392 rc·
961 3349 1075 3395 excuso
1089 3334 1262 3403 empirica.
1276 3333 1354 3392 iusti
1367 3333 1399 3390 in
1412 3341 1603 3407 perpetuum,
1618 3333 1681 3395 ml.
1693 3347 1784 3391 cenr-

78 3419 418 3494 misaihileextitit,quod
433 3421 578 3496 deliquit,
592 3421 634 3480 da
645 3421 734 3483 aubis
750 3422 907 3497 utriusque
962 3425 1107 3496 Ηνιιιιιιιι.
1123 3421 1239 3482 maces
1250 3423 1438 3484 sauctorum.
1453 3421 1518 3484 Fet»
1531 3435 1615 3481 usxv.
1630 3419 1784 3491 supplico

76 3509 188 3565 maritis
204 3509 686 3578 aritoedelictummoartimflara
697 3512 905 3578 commissum,
961 3512 1012 3572 tio.
1028 3513 1155 3573 ummo·
1168 3509 1536 3583 Redemptummmttiats'a
1550 3506 1784 3580 emendicaret..

76 3596 219 3672 lacrymis
242 3604 338 3657 errata
350 3599 513 3672 detergere,
530 3600 724 3675 eleemosynis
737 3605 907 3675 perpetrata
960 3615 1105 3662 cumve.
1762 3682 1768 3696 1

77 3687 183 3762 punire
200 3707 207 3745 :
224 3693 257 3744 ut
269 3688 471 3762 relinquentes
488 3690 637 3752 mundum
652 3706 689 3750 ax
701 3691 814 3764 animo,
825 3697 906 3749 ater·
997 3687 1628 3763 comcomiadaonasseostamutisatqaa
1635 3685 1788 3760 apostolas

77 3776 178 3834 uitatis
190 3793 360 3836 mereamur
370 3778 520 3841 consulari
533 3779 689 3853 promisso·
701 3791 733 3852 lp.
747 3784 853 3841 Amen.
960 3781 1017 3840 tuis
1031 3780 1145 3838 Ghriata
1156 3779 1234 3836 Daue
1242 3773 1789 3850 mitateconoedentcfflrutiarumdu·

114 3867 181 3926 Per.
959 3868 1114 3942 nepertita
1127 3871 1217 3933 suut;
1232 3866 1306 3923 dom
1319 3869 1348 3923 et
1359 3867 1462 3923 Petrus
1472 3864 1629 3938 signorum
1643 3867 1789 3925 atana-

114 3956 397 4030 interamnanam
410 3957 487 4030 eleni
497 3958 732 4026 secuturarum
741 3959 905 4032 plurimum
959 3958 1043 4018 sioue
1054 3955 1286 4030 mauritianam
1297 3955 1501 4028 [Pauluslegia
1516 3953 1683 4016 erudtuoae
1694 3952 1788 4026 peria·

77 4043 209 4103 afferatis
226 4047 277 4104 :P.
293 4049 327 4104 Et
341 4046 456 4108 tructus
468 4053 565 4107 vester
575 4052 696 4106 maneat
707 4047 738 4106 iu
748 4053 903 4109 arternum.
960 4053 1041 4106 ctus:
1057 4046 1133 4105 dum
1158 4049 1188 4102 at
1211 4043 1260 4105 ille
1274 4043 1430 4106 virtutihus
1451 4043 1553 4118 pollet,
1566 4046 1596 4102 et
1622 4041 1673 4104 nto
1686 4041 1790 4100 litteris

77 4133 109 4198 it.
124 4136 262 4194 Aocedite
274 4137 314 4194 ad
324 4137 428 4204 Deum,
444 4142 472 4195 et
491 4137 735 4200 inluminamini:
752 4141 781 4196 at
806 4137 905 4196 vultus
960 4137 1067 4196 clarstr
1080 4135 1157 4196 dun
1170 4137 1199 4193 at
1207 4133 1257 4192 illa
1268 4133 1378 4192 umnra
1389 4149 1445 4193 sua
1453 4131 1730 4200 superseminaret
1739 4129 1791 4188 hia

77 4224 168 4281 vestri
182 4239 244 4282 non
259 4226 444 4288 erubescant.
461 4228 497 4286 P.
514 4229 548 4284 lit
571 4226 696 4286 tructus.
708 4225 740 4291 i.
755 4225 863 4301 Gloria,
877 4231 906 4284 et
959 4226 1053 4286 uerbo
1065 4225 1188 4284 suscitat
1205 4229 1352 4283 mortuos.
1364 4225 1557 4295 Quaesumus,
1573 4235 1656 4294 arpo,
1676 4224 1710 4278 ut
1722 4221 1789 4281 heac

76 4312 185 4371 honor.
201 4314 237 4370 P.
253 4317 287 4371 Et
301 4314 414 4376 tructus
429 4321 535 4376 vester.
961 4313 1215 4375 duooandelabra
1231 4313 1265 4371 in
1286 4317 1449 4386 eonspectn
1460 4317 1513 4374 tuo
1523 4326 1645 4385 semper
1656 4308 1790 4371 lucentia

116 4403 574 4480 OratiocuristalieiFilius,qui
595 4406 724 4478 gratuito
738 4405 906 4467 vocationis
961 4419 1017 4478 pro
1030 4403 1121 4462 nobis
1131 4402 1275 4461 omnihus
1287 4406 1316 4462 to
1327 4399 1645 4472 reflaturaadsiataut:
1660 4397 1790 4473 qualiter

78 4507 212 4559 munere,
228 4498 257 4549 et
270 4495 388 4550 Petrum
404 4495 547 4568 primurn,
573 4498 604 4551 et
615 4493 744 4556 Paulum
768 4494 908 4556 ultimum
963 4491 1110 4567 quicquid
1121 4491 1160 4548 de
1172 4491 1293 4550 illorum
1309 4490 1449 4553 doctriua
1466 4490 1666 4564 percepimus,
1680 4486 1789 4550 ellectu

77 4581 256 4654 Apostolum
268 4582 401 4652 elegisti:
420 4589 453 4642 ut
464 4590 491 4641 ot
508 4582 740 4657 illapraaoadena
760 4589 789 4642 at
806 4585 855 4642 hic
867 4602 911 4643 se·
964 4579 1289 4656 operumimpleamua.

78 4671 912 4754 quensuniasvooatiouisettpostolatosgratiaprediti,
1000 4671 1088 4728 Pater
1101 4675 1211 4728 noster.
1227 4669 1356 4729 Liberali
1368 4687 1387 4728 a
1398 4669 1489 4731 malo·
1502 4671 1559 4742 sot.
1572 4673 1601 4727 ι.
1631 4754 1638 4766 θ

78 4759 586 4835 dumdoctrinasnamundiaprum
595 4763 912 4836 sparseruntiructum
1000 4759 1107 4823 Laudo.
1121 4758 1261 4833 Respexit
1274 4769 1336 4818 oot-
1351 4759 1533 4821 Benedictio·
1548 4755 1656 4818 leuna
1667 4752 1789 4812 moon

76 4847 912 4924 tiniplurimumoaporrarant;probanontsaiauemsut-
965 4867 1041 4908 rum.
1062 4850 1342 4921 ororasomoaxv.

78 4937 332 5008 fragentibus,ita
339 4939 477 4998 laborare
490 4943 521 4997 in
530 4941 685 5010 saeculum,
700 4944 731 4998 ut
750 4940 912 5002 tructusla-
1304 4940 1361 4998 niu
1374 4939 1472 4998 ixii.

77 5025 911 5103 borumnostrorumatacomprobatusmanoatinmter·
964 5045 992 5087 ιι
1010 5044 1188 5090 susurnam
1216 5040 1382 5090 smuroaurt
1413 5039 1539 5099 ιιιιιιιί
1552 5037 1635 5082 raum
1670 5035 1791 5080 crosm—

78 5131 165 5174 num.
183 5127 218 5188 ta.
240 5117 347 5176 Amen.
1303 5131 1447 5176 rotonum

115 5205 172 5261 Per
183 5206 417 5264 misericordiam
431 5211 526 5266 tuam.
1259 5206 1309 5264 Ad
1326 5207 1488 5279 Veilmm·

116 5294 289 5365 scriptorio
304 5296 408 5356 irllilri
420 5303 522 5358 autem
535 5298 623 5356 nimis
637 5296 827 5359 honorificati
842 5299 912 5355 sunt
999 5296 1114 5356 Laudo.
1134 5299 1276 5356 lixorium
1290 5300 1334 5354 ιιι
1343 5296 1375 5353 in
1389 5293 1599 5367 tenebantui.
1617 5307 1704 5351 mm.

80 5383 167 5442 amici
179 5383 232 5450 tui,
248 5384 326 5444 Deus
337 5403 344 5442 :
356 5389 386 5445 P.
402 5387 490 5446 valdo
506 5387 690 5448 confortatus
703 5393 750 5446 ιιι
759 5386 910 5461 priucipa-
999 5384 1260 5444 Sonoallelutadn
1270 5395 1393 5444 omnem
1403 5390 1515 5443 terrm
1524 5382 1793 5443 sairitaonumts·

79 5474 255 5542 tuscorum·
274 5471 306 5538 t.
321 5477 394 5540 daea
407 5479 450 5546 ta,
464 5475 600 5542 uomina.
625 5475 788 5551 comoriati
807 5475 911 5538 omnio
965 5480 1083 5536 ctorem
1096 5475 1147 5534 rP.
1161 5473 1242 5541 Βιιιι
1254 5475 1333 5535 inas
1362 5473 1541 5540 massoria
1554 5471 1650 5532 ιιιιιι
1661 5471 1795 5540 warns
