4117 6175
829 124 920 190 ruri
943 121 1175 210 uozsbaercr.

222 260 363 323 omniurn
376 263 519 317 venturus
527 259 598 318 inde

222 353 323 409 lustus
335 349 414 406 ultor
425 348 587 405 criminum

258 441 296 496 Te
311 452 400 495 senes
411 441 474 494 etto
486 436 638 501 iubentus,

222 525 418 586 Parvulorum
433 528 461 582 te
475 539 573 582 corus.

223 615 322 675 Turba
336 619 468 672 malrum
480 613 703 686 virginumque,

224 704 379 779 Simplices
392 702 523 775 puellule

225 797 302 853 Voce
315 791 480 850 concordes
491 791 594 866 pudici

224 882 410 953 Perstrepent
418 878 626 936 concentibus.

261 968 431 1028 Pluminum
445 967 549 1040 lapsus
561 973 590 1026 et
601 968 690 1035 unde,

227 1060 357 1118 litorum
372 1058 548 1131 crepidines,

226 1149 336 1220 Imber,
347 1152 441 1214 estus,
456 1147 517 1212 nix,
532 1146 649 1219 pruina,

230 1239 310 1298 Silva
324 1240 353 1296 et
366 1253 451 1302 aura,
466 1252 537 1302 nox,
563 1235 637 1303 dies;

227 1326 374 1387 Omnibus
388 1330 416 1383 te
430 1324 637 1381 concelebrent

228 1415 403 1477 seculorum
418 1413 536 1471 seculis.

262 1503 363 1562 Gloria
372 1502 449 1561 Patri
460 1501 588 1559 melodis

227 1597 427 1652 personemus
437 1592 576 1657 vocibus,

229 1680 330 1738 Gloria
343 1679 457 1737 Christo
471 1695 629 1750 cenamus,

231 1768 362 1828 Gloriam
372 1767 518 1825 Paraclito
530 1782 537 1822 τ

232 1857 288 1924 Qui
301 1857 378 1914 Deus
387 1856 491 1914 lninus
499 1862 527 1912 et
541 1871 620 1913 unus

234 1947 348 2020 Regnat
361 1949 430 2002 ante
443 1944 557 2002 secula.

265 2039 370 2091 Amen.

162 2123 276 2181 Ymnus
292 2122 330 2180 dc
346 2121 565 2179 Resurrectiose
573 2120 691 2178 Domini
705 2120 788 2191 infru
802 2123 831 2178 et
850 2119 982 2177 ebdomo-

478 2209 515 2266 tlo
530 2209 568 2266 ad
586 2209 681 2267 Tertia

392 2298 442 2378 [ξ
460 2301 577 2356 Certum
587 2297 744 2372 tenentes]

267 2388 356 2446 lbesu
368 2390 551 2460 Redemptor
560 2390 697 2444 omnium

231 2477 287 2544 Qui
298 2484 393 2535 morte
406 2481 531 2534 mortem
541 2481 697 2534 conterens

233 2565 279 2622 Ab
293 2565 458 2623 inferorum
478 2564 583 2623 abdito

234 2653 286 2710 Die
299 2654 432 2724 resurgis
444 2655 530 2711 terlio

267 2745 310 2800 'lu
323 2757 379 2799 nos
393 2741 523 2799 misellos
537 2759 703 2816 quesumus

234 2833 289 2888 Pro
303 2847 380 2904 quos
394 2830 495 2888 ludisti
506 2831 686 2902 sanguinem

235 2921 320 2978 Ceno
333 2919 432 2992 piatos
442 2920 602 2976 criminum

233 3007 334 3066 Reduc
351 3009 490 3081 polorum
504 3008 625 3064 sedibus

270 3098 333 3162 Quo
345 3096 388 3153 lrii
407 3096 522 3154 nobum
537 3097 591 3171 qni
608 3097 759 3155 canticum

235 3184 299 3243 l'ibi
315 3184 443 3243 obantes
456 3185 616 3258 precinunt

235 3274 374 3331 adiuncti
383 3274 415 3331 in
429 3274 590 3331 celestibus

236 3366 274 3421 Te
285 3363 475 3438 perfruamur
490 3363 603 3435 largius

272 3452 374 3509 Prosta
389 3468 443 3512 :::::

160 3540 218 3617 [m]
229 3540 265 3599 ln
278 3540 501 3599 bauwectione
512 3542 632 3598 Domini
640 3542 832 3602 Dominicclts
844 3543 881 3601 ob
890 3544 991 3603 octabu

369 3630 461 3689 Pasce
472 3644 562 3700 mccc
575 3631 608 3687 in
616 3632 801 3690 ascensione.

202 3716 362 3776 'lacenties
375 3718 455 3775 mille
470 3719 623 3789 legionum
638 3719 746 3790 angeli.
763 3721 822 3791 sol.
838 3724 900 3779 382.

175 3809 289 3866 Ymrius
305 3807 336 3863 in
345 3807 419 3864 diem
441 3813 544 3864 cuncte
561 3808 707 3879 Engrctac
729 3810 879 3869 ueldcccm
892 3816 918 3867 ct
929 3817 991 3868 octo

514 3898 673 3953 martirum

274 3985 322 4043 Bis
332 3985 443 4043 nobem
454 3990 556 4042 noster
568 3985 702 4058 populus
717 3986 774 4042 sub
788 4002 850 4045 uno

236 4073 388 4130 ltarlirum
403 4077 501 4129 servat
513 4073 631 4129 cineres
645 4074 793 4146 sepulcro,

238 4162 490 4233 cesarauguslum
499 4162 668 4219 vocitamus
678 4161 794 4231 urbem,

344 4253 401 4307 llas
415 4252 464 4308 cui
478 4255 624 4310 lantaest.

274 4340 364 4398 Plena
374 4355 555 4412 magnorum
568 4340 679 4397 domus
692 4340 869 4411 angelorum

240 4432 305 4487 Non
315 4430 398 4487 timet
411 4429 516 4486 mundi
527 4429 641 4499 fragilis
651 4430 773 4487 ruinam

240 4518 315 4576 l'otb
329 4518 397 4575 sinu
410 4523 531 4589 gestans
551 4517 641 4575 simul
652 4516 806 4578 offerenda

347 4609 468 4665 llunera
482 4605 608 4664 Christo.

278 4698 373 4762 Quem
382 4696 435 4752 llei
455 4695 591 4753 dextram
606 4694 746 4770 quatiens
764 4712 923 4757 coruscam

242 4782 325 4841 Nube
336 4782 485 4842 subdixus
502 4783 780 4854 venietrubentem,

243 4866 387 4931 Gentibus
398 4873 511 4931 iustam
524 4874 688 4947 possituros
704 4890 782 4950 equo

351 4963 483 5020 Pondere
496 4963 615 5021 libram.

180 5082 183 5087 r
244 5052 587 5127 0rbedemagnocaput
600 5054 727 5112 excitata

244 5140 354 5200 libiam
368 5142 482 5199 Christo
496 5148 691 5217 properanter
702 5143 765 5214 ibit,

245 5232 351 5291 Civitas
362 5248 482 5306 quoque
490 5234 622 5306 pretiose
633 5238 755 5306 portans

349 5322 436 5381 Dona
451 5324 597 5381 canistris.

279 5413 321 5470 Tu
332 5409 683 5471 decemsanctosreveas
701 5418 803 5475 atocto

246 5500 444 5575 &magneta
454 5502 591 5563 studiosa
604 5499 721 5563 Cbrlstl.

989 259 1015 311 Α
1099 261 1536 326 Verticassavisoleisrsvincta

1205 351 1290 408 Pacis
1304 352 1428 411 honore.

1136 438 1205 496 Sola
1217 440 1246 496 in
1261 457 1422 498 occursum
1436 443 1658 501 numerosiores

1100 527 1250 584 llartirum
1266 529 1369 586 turbas
1380 530 1507 586 Domino
1522 532 1644 603 parasti,

1103 614 1174 672 Sola
1192 615 1330 688 predives
1344 619 1452 690 pietate
1469 619 1563 677 multa

1208 706 1284 760 Luce
1305 705 1407 764 lucris.

1136 789 1191 849 vix
1203 807 1311 866 parens
1326 795 1408 853 orbis
1423 796 1571 871 populosa
1586 798 1679 856 Penis.

1102 881 1171 953 lpsa
1187 882 1238 938 vix
1256 886 1352 942 Roma
1368 884 1399 942 in
1412 885 1486 944 solio
1503 887 1611 956 locata,

1102 969 1139 1026 Tc
1152 968 1244 1026 decus
1259 977 1394 1030 nostrum
1414 991 1555 1048 superare
1573 976 1605 1032 in
1621 975 1678 1034 isto

1208 1060 1325 1116 ltunere
1335 1061 1427 1131 digna
1438 1069 1492 1120 est.

1138 1143 1211 1202 ilinc
1230 1151 1258 1204 et
1277 1149 1395 1218 Engrati
1406 1151 1552 1208 recubant
1566 1155 1688 1212 tuarum

1104 1231 1178 1289 Ossa
1187 1234 1330 1292 virtutum
1343 1237 1453 1309 quibus
1469 1239 1580 1300 efferati

1105 1319 1216 1392 Spiritu
1226 1324 1331 1379 mundi
1344 1324 1473 1384 violenta
1486 1329 1571 1400 virgo

1116 1461 1119 1470 ,
1212 1411 1408 1473 Dedecorasli.

1139 1497 1292 1556 Hartirum
1302 1501 1375 1559 nulli
1386 1509 1539 1562 remeante
1548 1507 1609 1564 rita

1106 1586 1233 1660 Contigit
1243 1589 1328 1646 terris
1341 1591 1478 1651 babitare
1491 1597 1612 1654 nostris.

1106 1675 1192 1733 Solus
1207 1681 1239 1734 tu
1250 1680 1338 1735 morti
1352 1681 1472 1754 proprie
1487 1684 1656 1757 subprestes

1211 1765 1291 1822 Vibia
1305 1767 1337 1823 in
1349 1769 1464 1828 orbem.

1143 1853 1233 1921 Vibia,
1247 1870 1282 1913 ac
1294 1872 1370 1929 pene
1385 1860 1493 1917 seriem
1506 1862 1625 1928 retexis,

1107 1941 1210 1998 Carnis
1228 1947 1256 2000 et
1267 1960 1336 2002 cese
1346 1947 1477 2018 spolium
1491 1956 1642 2020 retemtas,

1106 2030 1194 2088 Terra
1203 2047 1296 2104 quam
1309 2034 1408 2092 sulcos
1418 2035 1529 2096 babeat
1543 2056 1663 2100 amaros

1213 2120 1341 2180 Vulnera
1352 2139 1490 2183 narrans.

1143 2207 1292 2266 Barbarus
1307 2215 1399 2268 tortor
1406 2212 1484 2271 lalus
1494 2231 1584 2274 omne
1596 2219 1715 2292 carpsit,

1105 2296 1233 2369 Sanguis
1246 2297 1403 2372 inpensus,
1420 2302 1551 2364 lacerata
1564 2309 1710 2375 membra,

1106 2383 1212 2442 Pectus
1222 2385 1359 2447 abscissa
1369 2392 1464 2463 patuit
1472 2395 1585 2468 papilla

1214 2476 1308 2533 Corde
1321 2478 1378 2535 sub
1390 2480 1468 2553 ipso.

1144 2565 1202 2620 lam
1215 2565 1314 2621 minus
1330 2568 1432 2625 mortis
1447 2570 1575 2641 pretium
1601 2579 1722 2645 peracta
1734 2581 1788 2646 est,

1109 2650 1166 2717 Qui
1181 2658 1344 2711 venenatos
1359 2655 1483 2714 abolens
1495 2659 1614 2717 dolores

1109 2739 1231 2798 Concita
1248 2741 1385 2800 membru
1395 2745 1498 2803 tribuit
1508 2746 1641 2819 quietem

1215 2827 1288 2886 Pina
1302 2846 1452 2902 supremo.

1146 2915 1246 2974 Cruda
1258 2921 1285 2973 te
1294 2916 1419 2990 longum
1433 2921 1527 2977 tenuit
1540 2922 1674 2998 cicatrix,

1111 3004 1144 3062 Et
1154 3005 1206 3062 diu
1224 3005 1309 3062 venis
1322 3006 1409 3064 dolor
1420 3007 1498 3066 hesit
1508 3010 1628 3084 ardens,

1112 3093 1190 3152 llum
1204 3100 1407 3168 putrescentes
1421 3102 1524 3157 tenuat
1539 3102 1687 3162 medullas

1217 3184 1345 3242 levidus
1359 3187 1478 3246 humor.

1147 3272 1270 3330 lnvidus
1282 3276 1422 3347 quamvis
1432 3277 1548 3336 obitum
1560 3296 1736 3353 supremum

1113 3360 1312 3419 Persecutoris
1322 3362 1439 3433 gladius
1457 3367 1581 3439 negarit,

1114 3450 1203 3508 Plena
1215 3454 1243 3507 te
1257 3452 1360 3508 martlr
1377 3455 1479 3510 tamen
1495 3459 1527 3511 ut
1538 3462 1672 3528 peremta

1220 3539 1446 3598 Penacoronat.

1150 3626 1284 3687 Vidimus
1298 3635 1413 3699 partem
1427 3630 1532 3689 iecoris
1544 3632 1705 3707 revulsam,

1116 3718 1239 3788 Ungulis
1257 3716 1494 3789 longeiacuisset
1509 3722 1627 3793 pressis.

1115 3808 1190 3863 llors
1200 3805 1293 3863 babet
1309 3806 1425 3879 pellens
1438 3807 1552 3883 aliquid
1567 3816 1688 3871 tuorum

1221 3898 1259 3952 Te
1276 3898 1486 3970 quoqueviba.
1773 3897 1777 3905 '

1022 3998 1026 4003 ’
1116 3984 1199 4041 Hunc
1213 3998 1326 4041 novum
1337 3990 1437 4043 nostre
1449 3986 1568 4046 titulum
1580 3988 1741 4051 fruendum

1116 4074 1308 4145 usurarum
1329 4074 1411 4133 recu
1425 4076 1488 4150 ipse
1501 4062 1633 4139 carisius

1117 4162 1188 4235 luge
1201 4162 1331 4221 vibentis
1342 4164 1451 4223 domus
1467 4171 1500 4225 ut
1513 4168 1612 4228 dicata

1223 4252 1346 4310 llartiris
1365 4260 1455 4314 esset.

1153 4342 1277 4414 ltrgoler
1291 4342 1372 4399 senis
1382 4360 1467 4402 sacra
1477 4346 1653 4416 candidatis,

1118 4427 1203 4485 Dives
1215 4428 1317 4487 obtato
1333 4430 1421 4488 simul
1440 4437 1468 4489 et
1481 4435 1612 4508 Luperco

1117 4518 1210 4589 Perge
1220 4520 1423 4591 conscriptum
1436 4521 1551 4582 tibimet
1562 4531 1700 4586 senatum

1225 4610 1356 4681 Pangere
1375 4609 1510 4682 psalmis.

1154 4712 1213 4770 Ede
1229 4716 1400 4782 succesum,
1411 4732 1485 4775 cane
1500 4719 1676 4787 Martialem,

1120 4802 1196 4860 llors
1206 4806 1235 4859 et
1248 4802 1359 4883 Urbani
1374 4804 1425 4861 libi
1441 4808 1625 4877 concinatur,

1119 4891 1226 4950 lulium
1237 4896 1343 4951 cantus
1355 4900 1483 4965 resonet,
1501 4896 1651 4971 simulque

1227 5000 1455 5069 Quintilianum.

1155 5106 1293 5165 Publium
1305 5114 1418 5183 pangat
1433 5124 1529 5177 corus,
1543 5114 1571 5169 el
1583 5112 1719 5173 revolbat

1122 5195 1213 5263 Quale
1230 5196 1363 5254 Frotonis
1377 5198 1463 5256 luerit
1477 5202 1624 5273 tropeum,

1121 5284 1199 5353 Quid
1216 5284 1314 5343 bonus
1333 5287 1412 5346 Felix
1435 5288 1540 5360 tulerit,
1561 5291 1635 5365 quid
1653 5306 1722 5351 acer

1230 5394 1403 5455 t'ecilianus.

1159 5500 1295 5568 Quantus
1308 5502 1412 5564 Euroti
1426 5506 1478 5565 tua
1494 5502 1575 5573 bella
1589 5500 1714 5589 ungula
