4117 6175
230 265 299 326 ross
493 235 497 240 ’
845 268 848 278 ’
882 261 1108 324 snmnnruu
1127 262 1322 322 cormcuu.
1877 263 1942 320 ross

132 397 136 404 “
228 405 353 450 munera
367 393 539 459 coronatos,
552 391 713 450 tenebrosa
720 394 817 451 morte
831 391 974 458 desertos,
982 389 1062 450 filios
1077 389 1100 446 A
1152 392 1240 448 vesto
1255 389 1421 448 dimersum
1436 403 1544 462 corpus
1567 389 1596 446 et
1609 387 1641 444 in
1658 387 1801 458 flumine;

228 479 305 539 lucis
320 478 442 554 eloquia
453 480 624 538 Divinitatis
648 484 804 540 testantur.
818 492 852 554 q.
863 486 971 540 Amen.
1153 481 1233 536 llens
1246 495 1316 536 vero
1330 477 1411 538 eillat
1426 477 1520 536 arduo
1536 478 1566 535 in
1592 477 1689 535 sidere
1705 498 1711 537 ε

267 568 333 626 Per.
500 626 505 634 ,
1190 571 1300 627 Dorum
1315 569 1451 642 protinus
1461 565 1643 640 requirentes
1653 581 1781 639 corpora

263 657 447 728 esophorio.
471 663 498 716 2.
515 659 670 718 Datamini
683 659 715 717 in
735 659 874 726 Domino,
889 663 919 716 et
932 658 1062 716 exultate
1153 658 1335 732 Nicostratus
1347 660 1375 714 et
1394 654 1536 714 Claudius
1550 669 1620 715 cum
1645 655 1749 714 schole

228 745 311 822 justi,
325 746 358 803 P.
372 749 407 804 lit
420 746 709 818 gloriaminiomues
722 750 795 806 recti
815 747 917 806 eorde.
929 746 961 808 lt.
988 747 1064 804 Gau·
1155 745 1266 804 Diebus
1275 745 1347 804 tenti
1361 744 1477 812 decem,
1502 760 1572 803 curn
1597 743 1732 802 castorio

232 835 299 894 dete
312 835 387 910 justi
395 834 565 896 innomine
577 840 692 897 :rectos
713 837 799 897 decet
811 835 1014 896 conlaudatio.
1031 834 1064 892 P.
1155 834 1242 894 idersi
1255 833 1382 893 marinis
1395 833 1537 892 amnibus
1550 832 1583 890 in
1593 832 1748 906 fluctibns,

233 927 268 983 lit
280 924 462 998 gloriamini.
477 925 511 989 ll.
534 926 644 986 Gloria.
661 927 698 986 Ρ.
717 927 752 985 Et
764 926 940 1000 gloriamini.
1156 923 1316 998 Explerunt
1327 923 1456 998 dignum
1468 921 1619 998 passionis
1631 922 1803 996 premium.

268 1013 378 1073 Oratam
391 1017 465 1080 Eece
481 1015 639 1076 laetaturis
657 1021 696 1085 te,
711 1018 846 1089 Domine,
857 1018 974 1090 martyr
996 1019 1067 1072 tuus
1193 1016 1361 1090 Torquatus
1369 1012 1483 1071 Sanctis
1492 1009 1841 1078 irauduleuterneclitur,

234 1103 430 1164 sebastienus
443 1109 491 1174 ;et
503 1106 535 1164 in
549 1109 577 1163 te
601 1106 758 1178 gloriatur,
777 1107 850 1181 quia
862 1121 880 1164 a
890 1109 918 1165 te
942 1119 1067 1163 corona·
1159 1106 1335 1162 commento
1350 1103 1436 1172 ouius
1455 1101 1573 1176 capitur
1584 1101 1734 1162 Tiburtius

234 1195 300 1252 tur:
317 1194 448 1252 Petimus
461 1200 579 1268 ergote,
589 1196 812 1266 DomineDeus,
824 1194 946 1270 quantis
960 1209 1069 1268 possu-
1159 1191 1274 1250 effectu
1285 1207 1376 1258 savo,
1389 1195 1480 1266 atque
1492 1189 1559 1248 diro
1574 1190 1709 1259 vindice;

235 1297 305 1341 snus
316 1283 477 1355 precibus:
493 1285 610 1358 utquia
623 1284 690 1356 ejus
710 1285 919 1343 hodiernadie
931 1283 1009 1341 festa
1020 1297 1068 1340 so·
1160 1284 1254 1350 Quem
1269 1285 1448 1338 etmueroue
1462 1278 1620 1354 imperavit
1649 1279 1788 1353 plectere,

237 1369 351 1429 lemnia
362 1370 562 1439 celebramus,
577 1377 751 1432 nostrorum
762 1372 1067 1432 veniamdehctorum
1159 1369 1336 1442 Christoque
1351 1367 1457 1426 fortem
1471 1367 1658 1426 consecravit
1667 1369 1838 1442 Martyrem.

238 1459 382 1532 consequi
392 1474 572 1518 mereamur.
590 1471 624 1530 tp.
641 1465 747 1518 Amen.
1196 1461 1373 1518 Sanctorum
1384 1459 1495 1530 hospes
1510 1456 1648 1514 castulus
1662 1456 1791 1514 zetarius

274 1547 328 1606 Per
349 1547 603 1608 misericordiam.
1160 1551 1270 1622 Captus
1283 1552 1342 1615 est;
1359 1547 1465 1605 Christi
1479 1550 1589 1620 llertyr
1609 1562 1680 1604 mox
1695 1545 1841 1604 efficitur:

273 1635 455 1706 Antiphone.
471 1641 498 1695 3.
515 1637 716 1697 Exultetiones
736 1638 790 1697 Dei
802 1637 832 1696 in
846 1637 986 1697 lancibus
997 1637 1071 1695 San·
1160 1640 1323 1711 Postquam
1333 1635 1444 1693 deinde
1458 1635 1608 1693 verberati
1625 1634 1736 1692 lanceis

239 1727 367 1784 ctorum.
380 1725 412 1782 P.
428 1724 528 1784 eloris
542 1726 607 1784 haec
618 1731 663 1785 est
677 1727 822 1785 omnibus
833 1727 949 1786 Sanchs
961 1726 1071 1802 [cxciv]
1089 1739 1110 1794 Β
1160 1725 1363 1786 llareellianus
1379 1729 1502 1783 sanctus
1521 1729 1550 1782 ct
1572 1727 1686 1782 Dareus
1701 1723 1824 1798 probus,

240 1813 376 1884 Alleluia,
387 1814 517 1874 ailelrna.
541 1815 574 1882 T·
587 1819 650 1875 Vox
662 1816 771 1876 laetitiae
785 1822 815 1876 et
829 1817 969 1876 salutaris
983 1817 1016 1875 in
1030 1821 1073 1875 te·
1162 1814 1209 1872 Sic
1223 1813 1349 1872 laureati
1364 1812 1495 1871 fundunt
1509 1812 1585 1870 coelo
1600 1811 1747 1887 spiritum.

239 1903 411 1963 bernaculis
422 1904 586 1977 jussorum.
597 1906 629 1964 P.
645 1904 743 1965 Gloria
754 1906 820 1964 hese
835 1910 888 1965 est.
904 1905 937 1967 lt.
961 1905 1070 1974 Gloria,
1197 1903 1311 1978 Togam
1324 1905 1385 1962 Deo
1396 1906 1465 1976 post
1482 1900 1663 1976 acquisitam
1688 1900 1861 1969 candidam,

242 1995 272 2051 et
283 1992 391 2051 honor.
403 1993 436 2051 P.
452 1991 553 2052 Gloria
565 1994 642 2054 hec.
1162 1993 1264 2051 Pulcer
1278 1996 1310 2049 ut
1324 2005 1447 2064 gregem
1461 1995 1564 2064 pastor
1575 1991 1693 2048 Christo
1714 1989 1860 2050 traditum

279 2080 392 2141 Oratio.
408 2081 691 2150 Exultaticnestuas,
715 2082 852 2154 Domim,
874 2082 906 2142 in
934 2081 1072 2142 lancibus
1164 2081 1370 2149 sebastienus,
1383 2079 1569 2154 pedagogus
1584 2079 1720 2152 optimus

242 2169 349 2230 famuli
360 2171 403 2228 tui
413 2171 744 2245 Sebastianlmartyris3
755 2171 829 2230 dum
839 2171 872 2230 in
881 2175 909 2231 te
917 2170 1070 2244 gloriatur,
1162 2167 1322 2228 Insidiator
1335 2187 1344 2241 ;
1358 2183 1413 2242 per
1425 2166 1562 2226 crudeles
1585 2165 1724 2234 vincitur,

244 2259 276 2316 in
289 2263 317 2318 te
330 2274 452 2334 quoque
463 2259 600 2318 laetatur:
611 2264 655 2329 ut,
667 2259 720 2334 qui
731 2275 787 2333 pro
795 2261 922 2319 Domino
928 2259 1073 2318 mirificus
1162 2257 1307 2316 deservis
1320 2257 1429 2316 ductus
1443 2255 1615 2330 principum
1636 2253 1808 2314 obtutibus:

244 2348 339 2407 extitit
348 2347 557 2422 triumphator,
580 2363 633 2420 prc
646 2347 740 2406 servis
764 2347 871 2408 existet
893 2348 1074 2423 magnificus
1199 2345 1381 2418 Quoniam,
1402 2345 1561 2419 Tyrannus
1588 2345 1717 2418 imperat
1741 2360 1814 2404 mox
1839 2343 1950 2420 impius

244 2437 437 2496 intercessor.
452 2447 485 2510 p.
501 2437 610 2495 Amen.
884 2502 889 2512 .
1165 2435 1235 2514 Dnci
1249 2435 1282 2492 in
1296 2449 1451 2507 campum,
1466 2437 1496 2490 et
1510 2433 1624 2506 sagittis
1637 2433 1715 2492 insui
1730 2450 1737 2494 :

281 2525 339 2586 Per
351 2525 606 2585 misericerdiam.
1165 2523 1225 2582 Sed
1239 2524 1343 2582 Christi
1357 2529 1463 2598 postea
1477 2528 1601 2582 sanatus
1614 2523 1721 2594 gretie,

279 2626 315 2687 n.
328 2614 616 2674 ExultahnntSancti
627 2631 698 2672 eum
709 2615 820 2674 fiducie
834 2633 842 2686 ;
857 2616 889 2672 P.
900 2619 927 2674 et
942 2615 1075 2689 gauden-
1165 2617 1243 2672 luter
1253 2612 1372 2686 flagella
1384 2613 1509 2671 demum
1522 2613 1616 2670 vitem
1638 2612 1812 2678 terminans,

243 2707 298 2778 tes,
313 2704 500 2765 festinabunt
509 2704 613 2764 sidere
629 2705 739 2764 faciem
753 2704 814 2773 Dei.
833 2705 883 2764 cui
898 2705 1073 2772 servierunt,
1165 2705 1271 2760 Arcem
1284 2709 1433 2762 sacratam
1446 2699 1543 2761 evolat
1566 2701 1599 2760 in
1613 2701 1737 2760 ethera.

243 2797 273 2853 et
284 2810 303 2853 e
313 2811 377 2870 quo
385 2794 534 2870 incipiunt
547 2793 669 2867 gloriosi
687 2794 859 2854 mercedem
875 2796 1016 2867 recipere.
1033 2795 1065 2858 ir.
1218 2792 1327 2850 Adeste
1342 2807 1423 2850 nune
1442 2791 1528 2848 beate
1539 2792 1606 2864 jem
1621 2789 1815 2864 precantibus

244 2882 535 2942 Exultabnntsancti
550 2883 582 2939 in
592 2883 687 2953 gloria
702 2886 751 2940 tet
770 2882 951 2942 laetabuntur
974 2884 1005 2940 in
1018 2898 1074 2942 cu·
1166 2880 1341 2940 sebastiane
1355 2881 1433 2954 ,jam
1446 2887 1527 2938 tuere
1547 2879 1685 2937 servulus

242 2968 353 3028 bilibus
362 2972 433 3026 suis.
444 2971 476 3026 P.
493 2972 527 3027 ut
540 2968 717 3040 gaudentes.
729 2971 762 3032 i'.
778 2971 886 3038 Gloria,
898 2976 926 3030 et
956 2973 1067 3030 honor.
1166 2971 1275 3027 Sancto
1289 2985 1359 3026 cum
1376 2968 1425 3026 illo
1440 2969 1582 3026 comitatu
1596 2965 1719 3042 proprio
1735 2987 1743 3024 s

242 3058 277 3119 P.
291 3059 324 3115 ut
342 3057 519 3129 gaudentes.
1091 3091 1111 3147 c
1166 3059 1282 3118 Dimitte
1295 3059 1426 3133 eulpam,
1444 3062 1533 3133 atque
1549 3063 1658 3132 praesta
1671 3056 1813 3121 veniam

278 3144 390 3205 metu.
405 3145 540 3205 charitas
549 3146 671 3221 inelyte,
681 3152 848 3221 speseerta,
857 3149 933 3207 fides
943 3151 1069 3223 integra,
1165 3152 1229 3217 Quo
1244 3163 1353 3207 omnes
1367 3148 1499 3206 fruamur
1514 3146 1626 3219 gaudio
1656 3146 1775 3205 coelesti.

243 3234 368 3293 Domine
379 3237 457 3293 Deus
471 3239 591 3304 noster;
606 3240 728 3311 praesta,
741 3241 775 3295 ut
787 3238 863 3297 dum
888 3240 944 3299 tibi
958 3256 1075 3301 novum
1203 3241 1343 3295 Fraterna
1357 3237 1473 3295 Clarum
1489 3235 1809 3308 charitasconglutinet
1824 3253 1832 3292 :

242 3323 394 3383 nuntiem
406 3324 611 3393 decantamus,
625 3326 735 3385 veteris
749 3326 874 3385 malitiae
895 3328 1073 3391 alermento
1166 3326 1286 3385 llrsllum
1301 3326 1438 3384 simultas
1453 3341 1471 3383 a
1486 3329 1606 3383 caterva
1619 3324 1773 3397 disgreget
1788 3342 1795 3381 :

242 3427 424 3487 purgemur:
439 3417 482 3483 ut,
494 3414 569 3473 dum
581 3415 613 3473 in
625 3415 773 3475 tualaude
787 3416 1076 3493 gloriamur,peece-
1168 3418 1273 3482 Tucus,
1286 3414 1404 3489 rubigo,
1416 3416 1516 3485 luxus,
1532 3414 1658 3475 araride

241 3506 343 3561 torum
359 3506 534 3565 nostrorum
564 3520 656 3563 unere
677 3519 741 3563 non
773 3522 966 3578 premamur:
983 3514 1075 3583 etque
1164 3504 1314 3564 Abscedet
1322 3523 1331 3577 ;
1347 3504 1444 3563 omnis
1460 3503 1555 3577 impie
1578 3504 1760 3562 conventio:

246 3591 288 3649 ite
300 3590 536 3662 suffragantibus
552 3593 662 3651 sanctis
687 3595 743 3651 tuis
755 3595 933 3653 Sebastiano
955 3600 984 3655 et
1009 3599 1075 3671 ejus
1166 3593 1315 3651 Christum
1328 3596 1360 3651 ut
1374 3596 1475 3651 mente
1488 3607 1607 3667 semper
1620 3607 1695 3667 pure
1714 3590 1865 3650 ambiant.

247 3677 1075 3757 comitibusmartyribus,pctentiemtuampiocuncina·
1199 3684 1320 3754 Jugum,
1333 3697 1396 3756 quo
1412 3697 1487 3753 gens
1503 3681 1594 3755 impie
1608 3696 1689 3739 nunc
1702 3695 1760 3741 nos
1772 3680 1953 3757 comprimit,

247 3781 317 3823 mus
326 3766 445 3835 effecto,
466 3768 672 3827 utelementiee
696 3775 755 3828 ms
779 3771 938 3832 assiduum
961 3789 1076 3833 merea·
1165 3775 1228 3829 Tuo
1241 3770 1357 3845 depelle
1371 3770 1548 3844 adjumento
1564 3770 1687 3845 gratian

248 3869 318 3914 mur
328 3855 456 3930 adipisci
469 3857 655 3931 presidium.
667 3869 699 3928 tt.
716 3860 823 3919 Amen.
1165 3860 1262 3917 Hostis
1280 3875 1336 3917 neo
1351 3858 1477 3918 morbus
1488 3859 1576 3930 adsit,
1598 3859 1643 3919 val
1659 3860 1787 3933 penuria
1803 3876 1810 3918 ε

282 3943 338 4011 Pet
362 3945 610 4020 misericordiam.
972 4001 974 4004 .
1164 3952 1298 4009 Adversa
1309 3954 1418 4010 cuneta
1432 3964 1526 4025 ocyus
1538 3949 1705 4022 effugiant:

549 4037 586 4093 ln
611 4037 771 4095 Laudibus.
1165 4040 1226 4098 Pax
1238 4039 1275 4097 sit
1287 4039 1440 4114 perennis,
1454 4039 1564 4097 iunctis
1578 4038 1664 4113 quies
1681 4038 1801 4113 placite.

280 4122 327 4194 dd
339 4125 494 4188 melicum
512 4125 694 4196 Antiphone.
709 4126 869 4199 Diligentes
892 4131 920 4185 te
936 4127 1072 4187 Domine.
1200 4132 1265 4187 Non
1275 4143 1331 4185 noe
1345 4128 1377 4185 in
1390 4127 1436 4187 ira
1446 4128 1540 4185 ludex
1553 4128 1783 4202 tnnccorripiat.

244 4212 413 4285 Canticum.
429 4212 485 4280 Dei
498 4217 604 4284 sponte
617 4213 826 4271 obtulistishd
832 4215 1007 4273 Benedictus
1016 4221 1075 4275 An·
1166 4221 1241 4277 cum
1254 4221 1348 4275 terror
1360 4218 1425 4289 ejus
1450 4216 1566 4274 lulserit
1577 4216 1607 4273 in
1622 4216 1719 4288 gloria
1733 4235 1741 4271 s

244 4300 380 4372 tiphoea.
393 4299 495 4358 Sancti
508 4303 538 4357 et
547 4300 961 4361 humilescorde.deetiesm.
978 4304 1071 4363 Dene-
1164 4310 1222 4365 Nee
1232 4307 1310 4378 ignis
1324 4321 1419 4365 vorax
1443 4304 1664 4381 mancipandos
1679 4292 1849 4382 adprobata

243 4386 341 4446 dictes
351 4403 384 4445 es
398 4388 523 4445 Domine
537 4390 615 4446 Dens
628 4391 751 4461 patrum
767 4393 1028 4453 nostrorumllol.
1046 4398 1071 4451 c.
1090 4436 1113 4494 D
1164 4394 1223 4453 Sed
1236 4398 1264 4453 te
1275 4398 1434 4469 sequentes
1448 4395 1595 4467 previum
1610 4394 1795 4467 potissimum

242 4476 331 4533 sose.
357 4474 410 4534 Via
420 4475 582 4548 iustorum.
602 4477 656 4550 set.
677 4479 911 4538 exsulasse.
933 4482 1071 4542 Laudato
1164 4484 1343 4542 Sanctorum
1358 4482 1456 4541 simus
1472 4483 1797 4556 compotesconsortio.

244 4562 405 4623 Dominum
415 4564 453 4622 de
463 4563 547 4622 eoelis
563 4585 570 4626 :
587 4563 715 4625 alleluia
739 4567 879 4627 Psatmus.
893 4572 1069 4629 cxnrrPro·
1200 4576 1318 4643 Psaesta,
1332 4587 1468 4641 oramus,
1489 4571 1614 4630 Trinitas
1640 4571 1814 4630 indifferens

241 4651 359 4726 pletis.
376 4654 644 4713 Justornmenimse
656 4656 788 4714 iamenu
808 4657 859 4715 Dei
871 4662 950 4717 sunt.
968 4660 1072 4733 Requi·
1165 4659 1339 4719 Desidereta
1352 4659 1404 4717 tibi
1419 4659 1650 4726 conflentibus,

244 4742 340 4815 rasel.
361 4758 466 4803 sexus.
1165 4748 1313 4817 ouisolus
1328 4763 1435 4806 nomeu
1463 4748 1583 4807 Deitatis
1597 4747 1739 4807 obtinens

586 4832 734 4907 egmnus.
1163 4838 1247 4897 Pater
1258 4852 1328 4895 cum
1343 4836 1448 4905 Verbo,
1464 4842 1554 4911 atque
1568 4837 1676 4895 Sancto
1689 4836 1810 4911 Spiritu,

314 4922 382 4981 tam
395 4938 477 4983 nunc
488 4923 529 4982 sd
541 4923 627 4983 iham
641 4940 801 4999 properare
811 4925 963 4984 convenit.
1164 4930 1196 4984 ln
1210 4926 1348 4984 Trinitate
1367 4940 1498 4998 regnans
1511 4925 1541 4983 in
1565 4930 1755 5000 perpetuum.

280 5010 515 5085 Dniapassionis
529 5020 648 5088 tempus
665 5019 772 5087 arguet
786 5015 910 5073 inmane
1218 5018 1326 5073 Arnen.

279 5099 490 5173 Apostolorum
502 5117 635 5178 namque
651 5103 789 5161 natalitio
1163 5104 1360 5179 supplicatio.
1376 5104 1511 5162 Orernus.
1533 5104 1657 5161 dietatis
1669 5104 1852 5163 nominibus.
1865 5104 1950 5175 solio.

279 5188 519 5248 Zoebeatadum
534 5196 642 5260 oraret,
667 5192 836 5265 promptior
1128 5208 1209 5253 cern.

280 5275 431 5351 celsoper
448 5283 565 5362 sontem
583 5279 703 5339 tradidit
723 5280 873 5353 spiritum.
1164 5282 1260 5358 [cxcv]
1277 5283 1428 5354 capitata.
1442 5281 1874 5357 Gloriosaestpelmavictorise
1887 5297 1953 5339 sau-

272 5414 276 5422 .
316 5365 383 5426 Dies
396 5367 543 5426 deductos
554 5372 622 5425 octo
649 5372 728 5441 post.
744 5369 966 5442 Tranquillinns
1129 5376 1246 5430 storum
1257 5376 1377 5430 tuorum
1392 5371 1559 5429 sebastiani
1571 5376 1601 5431 et
1612 5370 1831 5445 ejusComitnm
1843 5375 1955 5443 marty·

280 5454 365 5513 Pauli
382 5455 422 5514 ad
436 5456 538 5515 aulam
559 5472 659 5525 orans,
676 5456 872 5515 nihilominus
1129 5476 1197 5519 rum
1209 5459 1333 5519 Domine
1340 5476 1350 5529 ‚·
1364 5460 1703 5536 quiaqueutavirtusesl
1714 5460 1878 5525 inmeritis,
1891 5464 1955 5517 tan·

282 5542 351 5600 Dirc
363 5548 411 5602 est
422 5544 471 5605 hic
483 5550 554 5603 tune
565 5544 749 5618 dilapidatus
767 5561 854 5616 saxo,
1129 5552 1160 5608 te
1171 5548 1584 5624 petienteprobaturinlactis
1598 5564 1686 5611 :cero
1699 5548 1954 5615 ceciditmundus
