4117 6175
226 324 294 383 lael
864 317 1094 382 baubantur!
1112 319 1309 381 uolutauit.
1860 315 1925 372 lucu

508 449 559 508 Ad
571 447 766 506 Mutatiuam.
1067 450 1091 506 A
1407 445 1443 502 lu
1465 442 1627 502 Laudibus.

261 536 593 609 Autiplcuallanobis
607 536 1052 595 laetitiam.Psotmasn.0rutio.
1141 534 1360 593 tridentinum.
1382 532 1557 608 lutipltouu.
1578 531 1778 604 Diligenteste
1794 529 1927 603 Domine,
2026 513 2027 556 ³

226 626 328 687 Redde
342 627 432 686 nobis
443 626 721 684 Dominalmtitiam.
731 628 807 698 sotio
824 642 919 683 curru.
1106 624 1179 682 elcut
1193 624 1238 682 sol
1249 625 1280 682 in
1296 627 1363 682 ortu
1376 639 1431 682 suo
1440 622 1633 696 resplendens
1649 638 1656 677 :
1676 621 1717 679 lta
1735 619 1868 677 rutilant.

261 716 438 788 Autipbouu
452 717 478 772 l.
505 715 613 772 inluxit
627 715 659 772 in
674 714 820 776 cordibus
835 714 932 772 nostrl
952 713 1053 771 Domi·
1140 713 1302 771 Canticum.
1318 712 1375 781 Qui
1390 715 1496 790 sponte
1508 709 1667 769 obtulistis.
1685 709 1742 794 sol.
1756 723 1852 766 cum.

226 821 294 871 nus,
306 805 358 878 qui
371 803 448 862 dixit
460 804 497 862 de
517 803 648 862 tenebris
663 802 766 862 lumen
777 805 810 862 Ρ.
826 802 1049 877 splendescere,
1138 794 1561 872 eldBeuedictusd'utiplwuu.
1576 797 1784 870 Benedicimqs
1797 796 1928 870 tellomi·
2027 873 2028 876 Ἴ

227 894 267 952 ad
277 893 527 952 illuminationem
533 893 665 951 scientiar
679 892 826 950 claritatis
833 893 929 959 belin
943 891 1052 950 taciem
1103 891 1208 965 nequi
1218 890 1304 949 sedes
1315 904 1405 964 super
1416 889 1648 955 cherubim,ch
1662 885 1927 960 lsraelduqtirura.
2027 889 2028 912 ²

226 982 297 1040 lesu
306 981 422 1040 Christi.
438 982 470 1043 ll.
482 981 731 1056 Praeoccupemus
741 980 848 1038 faciem
861 981 927 1052 eius
942 980 972 1037 in
983 995 1053 1038 con·
1105 980 1280 1038 Benedictus
1293 995 1324 1038 es
1339 979 1474 1038 Domine.
1482 979 1569 1052 sold
1590 978 1678 1036 Sauo.
1691 973 1828 1036 Alleluia.
1841 976 1930 1034 lusti·

227 1071 376 1130 lessione:
397 1073 466 1130 etin
475 1071 600 1146 psalmis
613 1071 776 1143 jubilemus
789 1071 827 1127 ei.
846 1070 878 1127 P.
896 1068 1052 1147 splendes·
1105 1071 1145 1130 tia
1159 1074 1203 1130 est
1216 1069 1317 1145 plena.
1330 1069 1441 1129 Laudo.
1466 1069 1597 1127 mudule
1621 1067 1783 1125 Dominum
1797 1065 1835 1123 de
1850 1065 1928 1122 caelis

225 1176 302 1220 cere.
314 1160 346 1224 li.
358 1159 465 1230 Gloria,
479 1165 508 1217 et
525 1161 633 1218 honor.
649 1159 679 1217 P.
695 1158 918 1233 splendescere.

261 1249 375 1308 Oratio
390 1250 480 1322 Deus,
491 1250 544 1323 qui
559 1250 591 1305 in
609 1248 753 1307 cordibus
777 1249 886 1306 barum
900 1245 1052 1318 virginum

226 1338 348 1410 lgneus
361 1343 390 1396 et
403 1339 618 1395 Emerentianas
630 1342 798 1410 martyrum
811 1336 1054 1401 inlucescens,le-

227 1427 294 1484 cisti
303 1426 341 1484 de
350 1425 588 1484 tenebrislumen
597 1424 1052 1498 splendesceremtquauuatae

226 1513 841 1589 lueruntpernaturam,essentilluminatae
847 1513 1032 1587 pergratiam
1044 1528 1052 1581 ;

227 1601 1053 1662 inlucesceincordibusnostrisademolumentummter·

226 1708 276 1751 na
288 1692 409 1754 sunus:
417 1694 451 1749 ut
459 1689 586 1766 caligine
600 1691 1051 1758 nostrorumvitiorumdetersa,

229 1782 294 1840 sola
313 1797 371 1840 nos
390 1782 465 1839 lucia
479 1786 539 1840 tua
560 1781 680 1840 claritas
691 1781 873 1854 sempiterna
890 1765 1091 1856 possideat,B

229 1883 262 1945 lp.
275 1873 380 1930 Amen.

264 1961 320 2018 Per
333 1959 581 2018 misericordiam.

263 2049 438 2120 Autipbouu
450 2052 674 2116 aliorumnas,
691 2048 820 2105 revelata
834 2045 910 2104 leole
926 2045 1053 2118 gloriam

227 2136 347 2192 Domini
354 2136 585 2217 speculanteqin
599 2134 728 2207 eJnsdem
740 2135 903 2208 imaginem
908 2134 1053 2191 transtor-

227 2223 518 2280 mamuraclaritate
528 2224 559 2278 in
575 2223 749 2288 claritatem,
764 2227 921 2296 tamqnam
933 2221 1053 2280 Domini

228 2311 343 2386 spiritu.
354 2311 418 2369 Non
433 2309 626 2368 ambulamus
639 2311 669 2367 P.
683 2309 840 2377 lnastotia,
856 2326 954 2384 neque
966 2311 1053 2368 adul-

227 2404 359 2458 teremur
371 2398 498 2457 verbum
510 2397 572 2465 Dei,
589 2397 643 2455 sed
652 2397 683 2455 in
694 2396 935 2456 manifestatione
945 2398 1051 2456 verita·

227 2487 435 2550 ueneratus
442 2487 570 2544 Domino
578 2486 844 2544 canticnmnovum
852 2502 858 2542 :
865 2486 943 2544 bene
950 2485 1052 2559 psalli-

226 2579 256 2636 te
269 2577 303 2634 in
312 2577 499 2650 iubilatione.
512 2577 543 2633 P.
559 2576 592 2633 ln
605 2574 768 2637 astutiai.
787 2574 897 2643 Gloria,
912 2577 942 2632 al
955 2573 1053 2634 bonor

226 2665 318 2724 Patri.
334 2668 364 2724 P.
379 2667 412 2724 ln
426 2665 550 2724 astutia.

249 2755 375 2814 ‘Oratio
399 2752 537 2813 Resoluta
564 2753 649 2824 lucie,
668 2756 762 2820 tuam,
787 2753 901 2812 christe
916 2752 1051 2823 Domina,

227 2843 354 2916 gloriam
368 2843 568 2919 speculantes,
579 2857 734 2915 rogemus,
745 2848 835 2916 atque
850 2842 1052 2916 exposcimus,

227 2937 260 2990 ut
273 2949 292 2990 a
304 2933 435 2990 claritate
449 2933 512 3006 spei
525 2933 553 2988 in
569 2931 733 2988 claritatem
752 2931 834 2989 illius
848 2930 1052 3003 perrectura,

225 3018 563 3092 mereamurperleclius
572 3019 778 3076 transtormari
792 3035 799 3075 :
813 3019 931 3076 utsicut
942 3019 990 3076 bre
998 3018 1056 3076 vir·

227 3108 311 3180 gines
322 3112 381 3165 ture
393 3110 493 3179 agnes
504 3112 532 3164 et
545 3108 754 3165 Emerentiana
772 3108 811 3165 de
821 3108 928 3165 virtute
941 3108 1056 3183 passio-
1070 3122 1091 3179 c

225 3196 273 3255 nia
285 3198 316 3255 in
326 3196 466 3254 virtutem
479 3195 653 3253 aternitatis
662 3195 1056 3270 pmtlcientes,tamquama

226 3284 359 3344 claritate
373 3286 404 3342 in
415 3286 580 3343 claritatem
590 3284 741 3342 translatae
757 3289 846 3355 sunt;
861 3286 903 3343 ita
920 3292 1011 3342 noset
1024 3287 1056 3343 in

225 3374 624 3454 hecspe,qnaconslstimns,
634 3373 868 3431 boutevivamus
883 3378 927 3432 :et
936 3374 1056 3432 dumde

226 3465 288 3521 hac
302 3464 363 3521 rita
378 3464 417 3521 ad
438 3462 520 3520 illam
543 3463 779 3537 pervenerimus,
795 3466 896 3520 tecum
913 3463 977 3520 sine
995 3463 1056 3521 llne

227 3567 400 3624 regnemus.
417 3564 449 3622 sp.
470 3552 577 3609 Amen.

263 3641 318 3697 Per
331 3641 570 3698 misericordiam
586 3644 682 3698 tuam.

260 3729 428 3801 lutipiouo
441 3729 470 3785 3.
486 3730 592 3786 Audite
605 3746 654 3787 me
664 3728 759 3787 divini
771 3730 894 3798 tructus,
913 3735 941 3788 el
967 3730 1058 3788 bene·

226 3816 317 3875 diuite
331 3818 470 3884 Domino,
487 3818 519 3877 P.
535 3822 569 3875 Et
579 3819 762 3878 confitemini
775 3820 816 3877 illi
831 3822 860 3877 ln
873 3836 947 3878 voce
960 3821 1057 3879 labio-

226 3923 294 3965 rum
317 3911 498 3975 noatrorum,
514 3913 545 3965 et
567 3908 665 3966 dicite.
691 3909 826 3977 Alleluia,
859 3910 992 3969 alleluia.
1023 3910 1057 3972 ll·

227 3999 359 4064 canuto,
380 4000 410 4054 et
425 3996 544 4071 psallite
555 3996 600 4054 illi
616 4017 623 4058 :
637 4002 757 4056 narrate
779 4000 885 4059 omnia
906 3998 1057 4057 mirabills

227 4087 303 4159 ejus.
318 4086 354 4145 P.
374 4089 408 4144 ut
425 4083 609 4143 confitemini
624 4086 676 4144 illi.
691 4086 722 4150 r.
740 4087 840 4145 Gloria
854 4088 1055 4147 ethonorPa·

227 4176 277 4235 tri.
293 4176 324 4233 P.
339 4178 373 4233 Et
382 4174 570 4233 confitemini
582 4174 635 4232 illi.

263 4264 373 4323 Oratio.
387 4264 525 4338 Deuaqui
534 4264 643 4320 barum
654 4263 808 4336 virginum
824 4269 946 4323 tuorum
955 4266 1050 4336 ligne·

233 4353 279 4422 tis,
293 4358 348 4411 etc.
363 4352 470 4422 (luoere
484 4357 565 4409 retro
575 4352 608 4407 iu
624 4352 756 4420 Vespera
771 4353 807 4410 de
819 4352 876 4410 isto
889 4354 976 4424 sesto.

261 4442 399 4515 ipsimile
408 4445 589 4511 estregnum
603 4439 745 4497 calorum
755 4442 860 4497 decem
874 4442 1052 4513 virginibus,
1070 4470 1092 4525 n

226 4529 737 4608 qrrreaceipienteslampadessnas,
755 4531 1054 4607 exieruntsponsoin

226 4620 398 4679 obviamP.
410 4622 443 4676 tlt
454 4633 522 4695 quae
534 4622 645 4688 paratae
672 4624 766 4691 erant,
786 4621 971 4680 intraverunt
983 4638 1053 4681 oum

226 4726 263 4769 ao
274 4715 314 4769 ad
329 4709 470 4782 nuptias:
487 4710 516 4763 et
530 4704 684 4766 clausaest
694 4710 800 4783 janua.
816 4709 847 4773 i.
864 4710 956 4768 lledia
966 4716 1053 4768 nocte

226 4803 341 4857 clamor
353 4800 449 4858 factus
460 4804 504 4857 est
520 4803 607 4860 :Ecce
617 4798 1053 4871 ¹sponsusvenit,exiteobvium

225 4888 261 4945 ei.
278 4889 307 4944 P.
329 4891 363 4945 ct
385 4904 453 4963 quse
480 4894 591 4962 parata
615 4892 708 4946 erant.
724 4887 759 4950 tl.
779 4888 886 4955 Gloria,
912 4890 942 4944 at
955 4887 1054 4945 bonor

224 4975 313 5034 Patri.
328 4977 361 5033 P.
376 4978 408 5036 El
423 4994 490 5053 quas
503 4984 628 5055 paratoe.

261 5066 375 5124 Oratio.
390 5068 521 5135 Facnos,
538 5069 661 5125 Domine
679 5068 749 5125 lesu
765 5066 888 5133 Christe,
905 5068 938 5122 ut
951 5064 1051 5123 oleum

222 5154 333 5213 latitia
347 5154 379 5212 in
390 5157 669 5215 vasiaconscientiae
677 5171 753 5229 pura
765 5146 874 5212 mentis
885 5155 1052 5225 integritate

223 5242 1052 5317 servemus:quo‚dumclamorlactusluerit,tibisponso

222 5334 351 5392 venienti
363 5332 555 5404 adjudicium
565 5334 689 5390 obviam
699 5346 851 5397 exeamus,
861 5347 922 5387 non
933 5348 1002 5389 cum
1010 5332 1052 5390 la·

221 5404 291 5490 tuis,
307 5422 360 5481 scd
378 5420 449 5479 cum
472 5420 671 5495 prudentibus
685 5418 865 5490 Virginibus,
895 5419 1053 5478 coronanti

226 5512 341 5583 [mern]
356 5510 599 5568 adnumeremur.
619 5520 651 5574 a.
665 5510 771 5563 Amen.

259 5596 315 5653 Per
340 5597 575 5656 muricormam
589 5601 673 5655 tuam
697 5595 776 5654 Deus
803 5598 916 5667 noster,
935 5601 975 5664 et,
991 5600 1049 5656 au.

1104 1161 1277 1236 Prophetis.
1296 1161 1403 1220 Audite
1414 1175 1463 1218 me
1476 1158 1568 1218 divini
1582 1159 1708 1218 tructus.
1721 1155 1775 1230 [ol.
1789 1171 1929 1217 cunm·
2028 1245 2029 1250 γ

1450 1249 1597 1321 Humatis.

1212 1339 1331 1397 Necnon
1342 1341 1372 1396 et
1389 1337 1472 1417 ipsos
1486 1337 1615 1413 protegit
1628 1335 1763 1394 maenas

1176 1427 1255 1485 Puro
1274 1441 1308 1485 ac
1327 1427 1533 1502 fidelipeelore
1549 1423 1718 1500 supplices:

1177 1515 1291 1591 Duplex
1303 1531 1415 1574 corona
1430 1519 1474 1573 est
1487 1513 1621 1590 praestita
1635 1512 1765 1588 llartyri.

1177 1607 1325 1664 intactum
1338 1605 1379 1662 ab
1394 1603 1477 1662 omui
1490 1602 1613 1662 crimine
1629 1600 1770 1676 virginali

1176 1694 1274 1754 Mortis
1288 1693 1397 1751 deindo
1412 1692 1507 1765 gloria
1521 1692 1632 1749 libera.

1178 1784 1268 1856 Aiunt
1281 1782 1410 1840 maritali
1422 1781 1475 1840 vix
1487 1779 1620 1838 habilem
1629 1779 1716 1836 thoro

1178 1872 1282 1930 Primis
1289 1872 1319 1928 in
1332 1869 1419 1927 annis
1433 1869 1496 1927 lore
1510 1867 1676 1953 puellulam

1179 1961 1282 2018 ltbrlsli
1297 1959 1444 2016 calentem
1459 1957 1572 2015 lortiter
1589 1957 1674 2029 impii

1177 2049 1274 2106 tussis
1287 2047 1437 2105 renisam:
1453 2045 1616 2121 quominus
1627 2043 1715 2102 idolis

1178 2137 1313 2203 Addicto,
1329 2150 1449 2194 sacram
1460 2134 1609 2192 desereret
1620 2132 1723 2190 iidem.

1177 2230 1298 2285 'lentata
1310 2223 1391 2282 binis
1405 2240 1476 2282 nam
1489 2223 1573 2298 prius
1586 2222 1712 2289 artibus,

1177 2317 1261 2373 Nunc
1270 2329 1321 2371 ore
1333 2312 1437 2370 blandi
1449 2311 1559 2385 judicis
1573 2310 1673 2369 inlici:

1176 2407 1260 2462 llunc
1273 2401 1422 2459 savientia
1437 2399 1586 2458 carnificis
1602 2399 1691 2457 minis

1177 2491 1276 2552 Stabat
1288 2490 1379 2548 leroci
1388 2489 1496 2548 robora
1510 2489 1662 2576 perlinam

1177 2583 1352 2656 Corpnsquc
1366 2579 1449 2636 dnus
1459 2578 1678 2636 excruciatibus

1178 2668 1257 2727 Ultro
1272 2669 1426 2738 offerebat,
1442 2683 1504 2725 non
1520 2682 1649 2725 renuens
1669 2664 1757 2722 mori.

1176 2761 1258 2816 'lunc
1271 2761 1355 2816 atrox
1368 2763 1525 2831 tyrannus,
1540 2755 1567 2812 sl
1576 2755 1661 2813 facile
1675 2752 1790 2822 est,ait,

1177 2847 1303 2906 Poenam
1317 2847 1449 2904 subactis
1469 2845 1544 2902 terre
1557 2843 1724 2909 doloribus,

1178 2939 1213 2995 Et
1229 2938 1289 2995 vita
1302 2935 1369 2994 vilis
1384 2935 1534 3010 spernitur
1548 2953 1555 2994 :
1569 2937 1600 2991 at
1611 2931 1711 3006 pudor
1725 2931 1791 3005 ejus

1179 3025 1289 3084 Dicatoe
1300 3023 1480 3101 virginitatis
1493 3022 1687 3097 impetendus
1700 3023 1756 3078 est.

1180 3116 1301 3173 Huncin
1311 3114 1440 3188 lupanar
1452 3113 1567 3171 tradere
1582 3110 1737 3187 publicum

1180 3204 1298 3261 Certum
1311 3207 1377 3260 est:
1396 3202 1435 3260 ad
1446 3216 1531 3259 aram
1549 3200 1581 3258 ni
1593 3204 1684 3275 capnt
1702 3196 1842 3273 applicet,

1180 3292 1220 3349 Ac
1235 3291 1273 3348 de
1285 3292 1415 3349 llincrva
1428 3291 1492 3361 jam
1504 3288 1624 3347 veniam
1638 3290 1738 3359 roget:

1180 3380 1278 3450 Quam
1290 3380 1373 3453 virgo
1386 3380 1481 3453 pergit
1496 3384 1627 3436 temnere
1642 3376 1789 3447 virginem
1801 3390 1809 3429 :

1181 3468 1285 3528 Omnis
1296 3468 1436 3541 iuventus
1450 3468 1552 3537 irruet,
1563 3470 1591 3523 et
1601 3479 1716 3523 novum

1181 3558 1390 3616 ludibriorum
1405 3556 1587 3630 mancipium
1597 3558 1685 3628 petet.

1180 3648 1266 3705 llaud
1280 3647 1390 3720 (inquit
1404 3646 1513 3717 Agnes)
1527 3647 1687 3702 immemor
1701 3646 1744 3699 cst
1754 3642 1797 3720 ita

1180 3736 1314 3795 Christus
1333 3752 1468 3805 suorum,
1483 3735 1598 3809 perdat,
1615 3742 1647 3790 ut
1659 3746 1788 3790 aureum

1180 3826 1270 3884 Nobis
1284 3824 1430 3899 pudorem
1447 3826 1530 3881 inus
1546 3818 1819 3896 quoquedeserat‘l

1182 3918 1290 3972 Praesto
1309 3917 1337 3971 et
1349 3912 1466 3987 pudicis
1479 3930 1486 3980 ;
1501 3928 1556 3970 nec
1571 3912 1682 3985 patitur
1696 3924 1792 3967 sacrm

1180 4003 1357 4075 integritatis
1370 4017 1495 4059 munera
1510 4001 1613 4076 pollui.

1181 4095 1278 4159 Ferro,
1293 4092 1389 4165 impia
1403 4091 1530 4163 soboles,
1545 4094 1630 4164 potes
1647 4088 1755 4146 servire
1774 4106 1782 4150 :

1179 4184 1243 4239 Non
1256 4180 1430 4256 inquinabis
1443 4178 1580 4237 membra
1593 4176 1726 4235 libidine.

1180 4272 1226 4328 Sic
1245 4269 1393 4327 elocutam
1408 4268 1570 4342 publicitus
1584 4266 1681 4339 iubet,

1179 4361 1298 4419 Plexam
1313 4360 1343 4416 in
1358 4358 1472 4432 plateas
1487 4359 1592 4415 sistere
1601 4356 1748 4427 virginem
1763 4374 1771 4413 :

1180 4450 1311 4508 Sanum
1322 4448 1432 4518 relegit
1444 4452 1554 4505 moesta
1565 4444 1733 4520 frequentia

1178 4540 1291 4595 Aversa
1308 4537 1420 4605 vultus,
1433 4551 1472 4593 ne
1486 4533 1666 4609 petulantius

1179 4628 1344 4699 Quisquam
1359 4624 1524 4683 verendum
1532 4624 1716 4697 conspiceret
1730 4620 1845 4679 locum.

1177 4714 1305 4771 intendit
1322 4729 1411 4780 unus,
1423 4716 1498 4771 torte
1512 4713 1686 4787 procaciter.

1177 4805 1215 4862 Os
1236 4802 1267 4861 in
1280 4802 1423 4875 puellam,
1443 4818 1500 4859 nec
1512 4801 1640 4877 trepidat
1655 4815 1785 4859 sacram.

1178 4892 1317 4966 spectare
1330 4890 1460 4949 turmam
1474 4890 1587 4948 lumino
1601 4888 1728 4948 lubrico.

1177 4979 1355 5039 Gabennalis
1367 4979 1446 5052 ignis
1459 4978 1591 5037 flaminis
1605 4977 1636 5037 in
1655 4976 1783 5035 modum

1177 5071 1312 5128 vibratur
1324 5068 1445 5136 ardens,
1460 5072 1550 5143 atque
1565 5066 1651 5126 oculo
1662 5065 1749 5124 ferit:

1179 5161 1284 5217 Goeous
1294 5172 1419 5215 corusco
1431 5156 1673 5225 luminecorruit,

1176 5247 1311 5322 Atquein
1324 5246 1431 5319 plateae
1451 5244 1574 5319 pulvera
1585 5244 1724 5321 palpitat.

1175 5335 1293 5394 Tollunt
1310 5333 1617 5392 sodalesseminecem
1631 5332 1706 5407 solo,

1178 5424 1343 5497 verbisque
1359 5422 1470 5481 delient
1479 5421 1707 5497 exequialibus:

1176 5510 1238 5569 lbet
1250 5512 1437 5584 triumphans
1445 5512 1540 5583 virgo,
1559 5512 1654 5567 Deum
1670 5510 1787 5567 Patrem

1176 5597 1483 5673 christumquesacro
1503 5598 1636 5657 carmine
1651 5597 1823 5669 concinens,
