4117 6175
95 247 148 303 tta

92 637 213 695 timoris
225 636 398 694 obedientia
407 635 564 695 iaciamus.
578 647 611 708 tp.
624 639 729 695 Arnen.

131 730 189 784 Per
201 724 447 783 misericordiam.

689 242 866 302 uontntea
890 242 928 304 Vl
944 244 1038 305 Post
1057 244 1208 307 Pascal.

94 368 304 443 gniiicentiam
313 368 479 427 conditoris
493 367 595 427 debita
607 369 793 429 confessione
821 370 963 429 laude-A

94 476 184 528 mns;
198 463 312 533 tuaque
327 458 473 516 mandata
490 456 591 516 tidelia
614 459 754 517 timorata
777 458 924 534 sapientia

92 549 311 623 exquiramus;
327 551 418 621 atque
428 546 592 620 perfectum
606 547 807 622 intelligentias
819 549 923 621 decus,

1750 250 1807 309 750

1243 372 1383 431 Donnes
1399 372 1535 443 Vespere.

1011 461 1128 520 Laude.
1144 460 1352 520 Latidaverunt
1365 468 1392 520 te
1403 461 1537 521 Domine.
1551 462 1805 525 Oratiolaudant

976 551 1003 606 77
1013 548 1151 608 Domine.
1167 548 1532 623 tlepuirafoi.³71.Sono.
1549 552 1620 619 Quis
1647 552 1725 612 Deus
1738 570 1804 615 ms-

976 651 1065 709 gnus.
1076 640 1132 710 sot.
1145 642 1207 697 387.

1010 726 1192 799 Antiphone.
1207 727 1249 787 Sit
1259 728 1358 788 Gloria
1368 728 1525 789 Dominiin
1535 728 1679 787 saeuum
1688 730 1799 789 7777777

131 816 327 887 7771377777
343 814 490 873 Dominus
516 816 594 872 Deus
609 818 719 887 777777,
739 820 768 875 77
792 832 854 876 777
878 823 924 876 777
976 817 1006 871 P.
1019 816 1178 875 letabitur
1203 817 1348 876 Dominus
1375 817 1406 877 in
1432 817 1575 891 operibus
1598 816 1719 881 777777.
1745 819 1802 887 Qui

88 910 208 975 praeter
216 920 265 961 me
277 903 414 961 Salvator
431 902 691 961 abus:audierunt
716 904 830 974 insula,
848 910 877 964 ct
891 906 924 966 ti·
974 902 1096 977 respicit
1110 908 1230 977 terram,
1246 910 1276 962 77
1285 904 1355 965 tacit
1380 920 1448 965 eam
1476 907 1685 980 tremeruzqui
1707 907 1803 979 tangit

85 997 239 1050 77777777
249 997 383 1049 extrema
389 996 485 1051 terres.
499 993 533 1051 P.
546 992 622 1049 dudi
632 992 721 1051 lsrael
732 1010 807 1067 puer
825 1011 921 1064 meus,

82 1079 288 1138 tacobslecta
303 1097 400 1152 meus,
420 1095 524 1138 samen
536 1082 665 1139 Abrabae
691 1083 781 1141 amici
798 1085 868 1142 mei.
888 1085 923 1148 7.

82 1170 155 1242 ligo
166 1185 238 1227 snm
251 1169 475 1244 primusatego
485 1169 785 1231 norissimuslianus
800 1189 923 1248 quoque

84 1274 163 1315 mea
173 1258 317 1317 fundavit
329 1264 450 1326 terram,
466 1264 495 1317 ct
519 1259 643 1318 77777777
670 1276 740 1318 mea
753 1276 859 1321 mensa
878 1269 923 1322 est

85 1346 198 1404 coelos.
219 1350 252 1405 P.
265 1348 453 1407 Andilsracl.

125 1436 249 1494 Oratio.
259 1438 302 1494 77
315 1437 479 1495 esDomina
493 1440 582 1507 Deus,
598 1443 750 1498 77777777
762 1439 921 1515 aliusprm·

87 1528 135 1580 ter
151 1526 658 1601 teznectameuipseconcluderis,
677 1544 769 1602 quem
788 1536 922 1590 extrema

88 1615 921 1692 terrssagnovernnt,dnmatefldeivocationepertracta

975 1000 1102 1058 montes,
1115 999 1144 1051 et
1155 992 1360 1065 fumigabunt.
1378 994 1408 1049 P.
1424 993 1588 1053 Laetabitur.
1604 994 1636 1057 7.
1653 994 1762 1063 Gloria,
1774 1000 1804 1055 at

974 1079 1072 1139 bonor
1088 1080 1175 1139 Patri.
1190 1084 1219 1138 P.
1231 1080 1403 1140 Laetabltur.

1009 1170 1155 1228 Dominus
1167 1171 1207 1229 sit
1220 1186 1351 1243 semper.
1370 1182 1404 1242 77.
1417 1173 1451 1229 777
1464 1186 1547 1229 curn.

1011 1258 1123 1317 777777.
1138 1259 1291 1317 Ascendite
1306 1258 1346 1317 od
1361 1259 1546 1318 Hierusalem
1561 1258 1630 1319 illice
1640 1261 1754 1319 SionP.
1768 1261 1802 1320 lit

973 1345 1095 1405 landate
1110 1346 1491 1415 Deumvestrummlleluia,
1506 1347 1635 1406 alleluia.
1653 1348 1684 1411 7.
1700 1349 1801 1408 Aeolis

974 1439 1041 1493 ortu
1051 1435 1198 1509 usquead
1212 1435 1487 1507 occasum,laudate
1497 1450 1609 1493 nomen
1621 1436 1750 1495 Domini.
1767 1440 1799 1497 P.

975 1525 1008 1583 lit
1020 1523 1151 1583 laudale.
1160 1524 1191 1587 7.
1208 1524 1347 1592 Gloriari
1362 1524 1458 1583 bonor
1471 1524 1560 1583 Patri.
1575 1525 1608 1583 P.
1623 1524 1798 1584 Etlaudate.

1009 1615 1147 1685 ttpmnus.
1165 1612 1272 1671 Psallat
1282 1613 1406 1671 altitudo
1425 1612 1501 1671 ciali.
1531 1613 1634 1681 Quare
1654 1614 1714 1685 sot.
1735 1617 1798 1674 aas.

88 1703 235 1760 sunteda
246 1720 319 1778 ergo
329 1704 463 1779 nobis,nt
473 1706 516 1765 ita
529 1706 561 1764 in
570 1712 598 1763 ie
607 1706 827 1775 radicemurmt
838 1710 919 1770 cultu
934 1715 957 1771 Β
971 1701 1172 1774 supplicatio.
1186 1702 1482 1775 0i⁰¹1¹¹¹⁸·0t1l²t'i¹⁴l⁰·
1504 1704 1584 1759 ⁰³⁰⁸
1596 1703 1684 1775 0⁰1⁰ss
1703 1716 1800 1761 imum

87 1792 223 1863 justitiae,
237 1800 266 1851 77
283 1809 411 1868 operum
436 1794 733 1868 dignitateateroam
748 1812 919 1859 mereamur
970 1790 1053 1849 buno
1066 1791 1159 1849 diem.
1181 1790 1358 1849 Benedictio.
1394 1791 1526 1851 christus
1550 1792 1706 1860 Dominus,
1735 1790 1797 1865 qui.

89 1880 252 1953 pervenire
262 1884 303 1941 nd
316 1884 461 1958 requiem.
477 1896 512 1957 77.
535 1890 640 1943 amen.

125 1972 181 2026 Per
191 1970 442 2031 misericordiam.

389 2080 422 2137 tn
454 2080 619 2138 Laudibus.

124 2184 173 2241 Ad
183 2184 354 2244 Canticum.
367 2184 552 2257 Antiptcono.
564 2186 919 2261 Gubernastijustitiatna

92 2274 228 2340 Domine,
246 2275 392 2349 populum
405 2283 491 2334 tuum
505 2276 597 2344 bunc,
613 2293 702 2351 quem
716 2277 859 2337 liberasti.

94 2452 108 2522 Ι
126 2364 296 2422 cenericum.
312 2365 474 2423 Cantemus
489 2366 615 2425 Domine
630 2384 637 2424 :
653 2366 792 2439 gloriose.
816 2369 921 2437 Quoerc

108 2454 145 2509 oi.
156 2456 220 2511 767.

131 2558 434 2621 OrctioGloritlcetur
447 2561 570 2619 dextera
583 2566 635 2619 tua
644 2562 858 2638 Domine,·qnas
867 2562 920 2621 ini·

96 2651 188 2708 mices
201 2651 437 2708 animisnostris
459 2649 586 2725 rituque
616 2652 806 2723 coniungam
821 2659 850 2711 77
867 2669 921 2728 per

95 2739 317 2798 multitudinem
331 2739 496 2813 majestatis
516 2745 575 2797 inas
600 2740 700 2798 adhuc
729 2747 876 2801 conterat:
893 2746 922 2801 et

94 2832 136 2884 ter
149 2843 206 2885 nos
224 2834 446 2886 constructores
461 2830 673 2899 cogitationum
689 2829 838 2890 malarum
862 2848 920 2890 ser-

92 2932 283 2991 monumque
300 2923 329 2976 et
341 2934 469 2991 operum
485 2918 679 2993 (7777773777.
696 2924 795 2977 Amen.

126 3009 184 3065 Per
196 3007 445 3065 misericordiam.

126 3117 175 3175 ad
186 3116 379 3175 Benedictus.
395 3115 659 3189 inincensatur
673 3116 730 3174 soli
742 3117 803 3176 Deo
813 3119 920 3177 bonor.

93 3206 446 3267 Canticumssenedictns
460 3206 606 3264 Dominus
621 3209 921 3282 Denspatrumsotdl.

91 3299 188 3352 sono:
200 3293 412 3365 Egodormivi,
428 3299 457 3352 et
468 3295 610 3369 requievi.
640 3295 767 3368 Require
786 3298 840 3368 tot.
858 3297 922 3354 370.

128 3383 218 3458 391
234 3383 355 3440 Laude·
371 3383 498 3439 7777777
512 3382 672 3440 Dominum
685 3384 724 3441 de
739 3385 833 3443 colis.
848 3385 923 3444 Alle-

92 3471 306 3546 luia,alleluia:
330 3471 452 3530 laudate
471 3489 543 3530 enm
564 3473 596 3530 77
623 3473 759 3532 excelsis.
788 3473 920 3534 llllelnin.

93 3562 235 3618 Psuimus
249 3576 362 3618 exuriit.

165 3670 365 3742 Apocalypsis
386 3670 510 3729 ioannis
536 3670 851 3744 emerentianam).

128 3770 162 3830 p.
183 3761 244 3816 Deo
258 3759 379 3828 gratias.
543 3765 548 3772 '

130 3851 193 3920 ugo
213 3848 343 3904 ioannes
356 3845 398 3903 lul
411 3847 442 3904 in
456 3847 570 3922 spiritu,
590 3850 620 3905 77
628 3847 691 3904 vidi
707 3846 818 3907 coelnm
835 3864 924 3922 aper·

94 3943 203 4005 tum,et
217 3952 286 3994 7777
295 3951 391 4010 equus
400 3936 498 4004 albus,
509 3940 538 3993 et
547 3936 599 4011 qui
608 3935 831 4011 sedabatsuper
842 3953 923 4004 cunr,

90 4031 220 4084 vocatur
229 4025 347 4093 Fidelis,
361 4030 390 4083 77
399 4028 503 4094 verax,
534 4031 563 4084 et
575 4025 606 4082 in
618 4026 734 4098 justitia
754 4025 880 4099 judicat,
895 4031 925 4086 et

92 4122 222 4190 pugnat.
232 4115 316 4174 Oculi
326 4121 428 4172 autem
438 4114 587 4186 ejussieut
605 4113 731 4171 flamma
745 4113 831 4185 ignis.
852 4115 923 4173 etin

91 4203 198 4279 capite
211 4203 457 4277 ejusdiademata
472 4202 577 4270 multa,
594 4203 711 4260 habens
727 4219 837 4260 nomen
856 4206 924 4262 scri·

91 4301 184 4370 ptum
199 4297 280 4369 quod
296 4309 387 4351 nemo
397 4293 478 4351 norit
492 4293 549 4350 nisi
572 4293 646 4365 lpse.
667 4295 700 4350 lit
724 4292 847 4351 vestitus
860 4299 924 4352 erat

92 4390 177 4443 veste
210 4399 337 4456 aspersa
356 4383 519 4456 sanguine:
537 4388 565 4438 at
576 4387 700 4440 vocatur
723 4398 834 4441 nomen
846 4383 911 4455 eius

93 4473 242 4530 venanti
252 4472 356 4529 Dlildit
367 4472 513 4529 exercitus
526 4472 578 4545 qui
593 4479 661 4528 sunt
678 4472 707 4528 in
718 4472 804 4540 coeto,
820 4487 923 4546 seque·

91 4562 210 4620 bantur
229 4577 299 4618 enm
322 4562 353 4617 in
367 4561 452 4634 equis
470 4559 557 4624 albis,
579 4560 675 4618 vestiti
701 4561 826 4633 byssino
854 4562 923 4618 albo

93 4651 225 4710 mundo.
246 4653 281 4707 Et
293 4650 331 4706 de
343 4665 393 4706 ore
405 4648 501 4722 ipsius
511 4647 644 4722 procedit
661 4650 781 4720 77777777
793 4657 899 4708 accitus
914 4669 922 4709 :

96 4745 128 4800 77
141 4743 213 4817 ipso
226 4739 373 4815 percutiat
385 4741 499 4795 Gentes.
519 4737 553 4792 Et
566 4744 647 4809 reget
667 4753 718 4796 aas
733 4755 762 4795 77
774 4739 858 4812 virga
868 4739 923 4798 ter·

94 4847 163 4888 rea:
181 4835 212 4888 et
223 4830 287 4902 ipse
300 4827 395 4886 777777
404 4827 532 4885 torcular
543 4827 722 4884 vinituroris
734 4830 784 4886 7777
800 4829 921 4888 Deiom·

93 4919 308 4991 nipotentisdit
319 4916 411 4973 babet
421 4915 452 4972 in
467 4915 688 4985 vestimento,et
701 4916 731 4972 in
747 4915 859 4973 temore
867 4932 923 4974 suo

93 5006 260 5080 scriptum:
275 5007 335 5063 lter
350 5020 466 5077 regum,
481 5009 511 5063 77
531 5003 675 5061 Dominus
687 5004 921 5073 dominantium,

93 5107 126 5167 77.
143 5098 253 5151 Amen.

129 5183 280 5256 dymnus.
292 5182 343 5240 llic
357 5187 402 5240 est
410 5182 474 5240 dics
486 5197 573 5240 77777
589 5183 924 5254 Deic'cpituinclrriste

95 5274 146 5332 Dei
160 5273 265 5331 Filius.
280 5272 331 5348 qni
346 5271 523 5329 venerabilis
544 5271 602 5328 diei
632 5273 723 5345 buius
753 5289 923 5329 excursum.

96 5363 296 5436 liepnirefoi.
310 5363 374 5419 377.
387 5361 498 5419 777777.
524 5362 673 5434 Sapientia
695 5379 711 5418 a
728 5363 852 5419 Domino
866 5363 926 5420 Deo

98 5460 154 5510 est.
169 5453 302 5524 disquire
312 5451 388 5522 sntio
399 5453 461 5508 387.
477 5452 656 5509 Benedictio.
672 5453 806 5509 cbristus
830 5453 927 5512 Domi·

98 5555 167 5611 nus,
187 5538 244 5614 qui
259 5539 339 5598 diem
350 5540 590 5598 Resurrectionis.
605 5540 661 5612 sol.
674 5543 736 5600 377.

247 5627 367 5688 Paraoa.
391 5628 539 5687 LXXXVI.
565 5674 568 5681 .

971 1880 1078 1950 Quare
1090 1881 1147 1952 sot.
1160 1880 1494 1955 wibaudo-Sapientia
1506 1894 1526 1938 a
1539 1880 1665 1939 Demlno
1676 1882 1735 1939 Deo
1744 1884 1796 1939 ast.

972 1969 1076 2029 Oratio
1089 1968 1199 2029 77777777
1209 1968 1261 2027 Dei
1275 1967 1374 2027 lilius.
1391 1968 1493 2039 Quare
1503 1968 1562 2041 foi.
1584 1970 1645 2029 ³90.

1115 2076 1280 2134 1777777770
1304 2076 1472 2135 nonturno
1503 2074 1658 2134 piscatu.

1266 2181 1318 2239 rid
1336 2180 1504 2254 vesperum.

1009 2290 1114 2349 Lenda
1129 2288 1340 2348 laudaverunt
1355 2294 1382 2348 te
1396 2288 1531 2348 Domine.
1544 2286 1656 2347 Oratio.
1669 2286 1807 2349 Laudant

973 2383 1001 2437 tc
1016 2379 1153 2438 Domine.
1172 2379 1233 2450 lot.
1249 2378 1316 2437 377.

1009 2470 1099 2527 Sono.
1115 2468 1226 2526 Omnes
1240 2471 1343 2539 gentes
1354 2464 1488 2540 plaudite
1513 2464 1656 2524 manibus
1668 2464 1806 2539 :iubilate

973 2554 1048 2616 Deo.
1068 2559 1098 2613 P.
1113 2560 1231 2614 777777
1258 2554 1467 2613 exsultationis
1491 2552 1627 2613 Alleluia.
1641 2553 1675 2617 7.
1689 2553 1805 2613 77777777

975 2644 1036 2702 Deo
1049 2652 1161 2712 nostro,
1176 2643 1309 2719 psallite:
1321 2642 1438 2718 psallite
1452 2642 1523 2713 liegi
1533 2648 1648 2709 nostro,
1675 2641 1803 2715 psallite.

975 2734 1123 2802 Quoniam
1138 2728 1628 2804 77777777777777777777777717777.
1641 2732 1704 2787 777
1720 2746 1801 2787 7777.

1009 2822 1155 2883 Dominus
1167 2822 1204 2879 sit
1218 2836 1347 2893 semper.
1364 2830 1397 2891 77.
1417 2818 1450 2876 lit
1462 2834 1542 2877 cum.

1010 2903 1805 2984 777777777777777777777777377777777777777-

976 3006 1050 3059 tem:
1062 3006 1175 3072 Agnus,
1189 2999 1242 3073 qui
1257 2998 1435 3057 occisnscst.
1461 2997 1492 3054 P.
1508 2996 1622 3068 Dignus
1651 2998 1706 3065 est,
1728 2996 1805 3054 acci·

975 3107 1047 3167 pare
1059 3092 1208 3158 777777777,
1226 3093 1255 3147 77
1268 3089 1498 3150 7777777777777,77
1509 3086 1697 3161 sapientiam,
1713 3090 1742 3144 at
1755 3085 1806 3146 ba·

976 3180 1175 3239 nedietionem
1188 3180 1219 3236 in
1240 3178 1351 3236 sucula
1362 3177 1552 3236 saeculorum·
1566 3175 1603 3244 77.
1619 3179 1739 3234 Cantate
1752 3178 1806 3233 Do·

976 3270 1059 3328 mino
1070 3267 1222 3328 cauticum
1234 3283 1361 3326 novum:
1373 3265 1602 3341 quiamirabilin
1617 3263 1694 3322 tecit.
1710 3263 1742 3320 P.
1760 3263 1806 3320 Di-

976 3375 1064 3432 gnus.
1080 3358 1111 3421 7.
1128 3358 1235 3428 Gloria,
1250 3363 1278 3414 et
1292 3357 1390 3414 bonor
1409 3354 1498 3412 Patri.
1514 3354 1543 3409 P.
1559 3353 1682 3424 Dignus.

1012 3447 1158 3506 Dominus
1171 3447 1208 3504 sit
1227 3460 1358 3520 semper.
1378 3455 1410 3516 77.
1427 3445 1459 3500 Et
1475 3459 1547 3498 cum.

1013 3537 1129 3596 Lauda.
1146 3533 1305 3594 Exaudivit
1320 3547 1468 3608 pauperes
1481 3527 1803 3604 Dominus:etcompe-

976 3628 1055 3685 ditos
1070 3643 1141 3684 suos
1153 3623 1364 3682 nondeseruit.
1381 3621 1412 3678 P.
1429 3621 1563 3678 Laudant
1587 3619 1672 3676 illum
1694 3617 1761 3676 coeli
1774 3621 1804 3677 at

977 3714 1204 3782 terrarllleluia,
1216 3711 1346 3779 alleluia,
1362 3709 1492 3768 alleluia.
1507 3708 1538 3771 7.
1554 3707 1677 3766 Videant
1692 3722 1804 3783 paupe·

976 3822 1025 3864 res
1039 3810 1068 3862 77
1081 3803 1230 3872 loetcntur;
1242 3800 1366 3875 qnoerite
1380 3797 1550 3866 Dominum,
1571 3796 1687 3856 7777777
1701 3796 1803 3856 anima

976 3898 1088 3953 vestra.
1103 3892 1135 3948 P.
1149 3890 1293 3949 Laudent.
1314 3888 1344 3951 7.
1356 3888 1465 3946 Gloria.
1482 3887 1515 3944 P.
1533 3884 1676 3944 Laudent.

1012 3983 1202 4056 7777777777
1216 3977 1327 4038 centies
1337 3978 1417 4037 mille
1428 3977 1594 4050 legionum.
1605 3975 1801 4047 sicppticutio.

978 4076 1114 4132 Oramus.
1132 4069 1278 4142 capitula.
1292 4068 1414 4136 Christe,
1425 4067 1476 4124 Dei
1493 4066 1592 4123 Filius.
1613 4065 1799 4123 Benedictio.

979 4163 1115 4220 Christus
1126 4159 1176 4217 Dei
1189 4159 1288 4230 Filius,
1304 4157 1357 4232 qul
1375 4157 1405 4213 in
1418 4155 1487 4214 boc.
1509 4155 1678 4226 0777777777.
1703 4157 1768 4214 382.

1012 4251 1129 4310 Laude.
1150 4247 1283 4306 Alleluia.
1296 4245 1414 4304 Psallite
1427 4244 1555 4303 Domino
1568 4245 1598 4301 iu
1614 4243 1736 4314 cithara,
1754 4241 1804 4300 al-

976 4341 1077 4407 leluia,
1089 4341 1120 4396 iu
1131 4339 1245 4396 cithara
1256 4342 1285 4394 ct
1299 4351 1370 4394 7777
1381 4333 1500 4409 psalmi.
1515 4333 1650 4400 Alleluia,
1668 4331 1800 4392 alleluia.

914 4423 921 4449 '
939 4422 963 4477 D
978 4430 1010 4487 P.
1022 4427 1149 4486 iubilate
1164 4425 1329 4484 Deoomnis
1345 4427 1432 4492 77777,
1445 4423 1598 4496 psalmum
1613 4419 1806 4480 dicitenomi·

978 4518 1095 4590 niejus.
1115 4514 1146 4580 7.
1160 4513 1330 4572 lucitbara.
1347 4511 1381 4574 7.
1402 4511 1509 4569 Gloria.
1525 4514 1554 4567 P.
1571 4511 1603 4567 ln
1624 4509 1748 4568 77777777.

1015 4607 1131 4664 Oratio.
1147 4601 1465 4661 Domineadmirabilis
1476 4599 1802 4666 stimmeuse,lruuriles

976 4713 1033 4754 nos
1049 4693 1196 4770 propitius
1211 4697 1274 4750 tam
1284 4691 1367 4748 ellice
1378 4705 1470 4762 quarn
1486 4687 1737 4760 intendezutquin
1748 4702 1799 4743 no·

977 4803 1047 4844 men
1064 4793 1147 4842 tuum
1162 4777 1338 4840 admirabile
1352 4785 1394 4835 est
1414 4779 1541 4836 inomni
1566 4783 1653 4842 tarra,
1672 4767 1801 4830 veritatis

976 4877 1007 4937 in
1021 4892 1077 4933 nos
1092 4871 1216 4931 solidiue
1230 4868 1366 4926 77777777
1382 4867 1580 4939 disciplinam.
1597 4876 1628 4936 77.
1641 4869 1746 4921 Amen.

1013 4968 1065 5024 Per
1076 4958 1314 5023 misericordiam
1325 4965 1418 5017 tuam.

1257 5066 1307 5123 Ad
1321 5064 1517 5122 nataticum.

1018 5177 1200 5249 Antiptronc.
1211 5175 1271 5242 ligo
1282 5169 1422 5228 dormivi.
1438 5169 1575 5226 l’sntmus
1585 5164 1737 5226 intinctio.
1747 5164 1806 5221 Do·

983 5269 1063 5326 mine
1078 5267 1147 5322 iesu
1159 5263 1282 5319 Gbriste.
1292 5261 1398 5329 Quoere
1409 5261 1466 5331 soi.
1482 5260 1544 5316 377.

1019 5355 1197 5424 Antiphone
1213 5351 1238 5408 l.
1253 5349 1434 5407 testimonia
1460 5353 1509 5403 tua
1522 5345 1649 5402 Domina
1660 5341 1810 5400 credibilia

983 5449 1063 5507 iacta
1075 5442 1251 5500 suntnimis.
1273 5439 1307 5498 P.
1322 5440 1353 5496 ln
1370 5437 1555 5509 longitudine
1571 5434 1698 5492 dierum.
1720 5431 1808 5505 802

983 5539 1016 5601 7.
1031 5533 1176 5598 ilirabiles
1186 5530 1330 5592 elationes
1345 5527 1447 5594 maris,
1462 5523 1608 5586 mirabilis
1634 5521 1810 5671 lnmexcelsls
