4117 6175
1725 33 1738 38 -
1746 34 1774 65 -.
1784 34 2003 101 '-

306 168 359 225 815
956 154 1183 217 nebulamve
1202 158 1400 221 corniculi.
1966 166 2020 221 876

343 289 643 362 Steterunttanquam
651 300 757 345 murus
767 282 1180 359 aquetglabarunttluotush
1230 286 1377 353 Quoniam
1388 287 1517 345 sustinui
1534 290 1562 345 et
1579 286 1692 347 iaceret
1710 286 1872 348 iudicium:
1887 287 1958 346 lecit
1972 304 2021 348 an·

309 378 342 438 in
356 378 460 438 medio
479 375 566 435 mari.
1194 377 1253 432 tem
1266 374 1454 448 iniquitatem
1468 380 1498 433 et
1510 390 1572 433 non
1582 375 1726 435 iustitiam
1750 380 1795 433 set
1808 376 1986 435 clamorem.

347 466 426 525 Dixit
437 465 577 525 inimicus
589 478 785 538 persequens,
802 459 1035 535 compreendam
1046 457 1138 532 parti·
1584 466 1666 524 Lvss,

308 556 351 616 bo
366 554 466 629 spolia
475 552 595 627 replebo
608 551 743 609 animam
756 566 856 609 meam
865 567 873 606 r
882 548 1060 606 interficiam
1074 547 1137 619 gla·
1386 567 1525 610 oiarsonis
1549 568 1637 609 neers
1673 570 1823 613 raoraere.

308 644 360 705 dio
379 647 478 701 meoet
488 640 696 699 dominabitur
711 656 821 698 manus
842 654 921 697 mea.
1503 641 1636 714 capitulo
1648 642 1694 698 26.

346 733 454 791 llisisti
464 731 602 806 spiritum
608 734 697 788 tuum
709 734 738 788 ct
746 729 899 803 cooperuit
913 744 965 786 eos
981 740 1064 783 mare
1082 723 1136 783 :di-
1223 730 1298 785 Ana.
1313 730 1424 787 Animo
1435 744 1501 787 meo
1514 730 1660 788 desiderat
1673 738 1700 788 te
1717 732 1746 787 iss
1760 739 1843 791 nocte
1855 749 1863 800 ;
1876 732 1915 791 de
1929 749 2009 792 mons

307 821 399 880 mersi
406 824 636 892 sunttamquam
644 818 805 893 plumbum
813 816 845 874 in
853 813 1132 890 aquaralidissime.
1188 814 1313 874 Domine
1331 816 1459 888 vigilabo
1473 818 1511 876 nd
1532 824 1569 877 tc.

345 909 417 978 Quis
432 906 600 966 similistibi
614 906 645 963 in
657 906 715 964 diis
727 906 852 964 Domine
867 904 936 978 quis
951 902 1055 960 similis
1078 900 1132 959 tibi
1223 903 1298 960 Urbs
1312 903 1493 962 fortitudinis
1507 910 1608 963 nostre
1623 924 1630 963 :
1655 907 1798 967 salrator.

307 996 492 1057 honorificus
506 1012 513 1051 :
526 996 555 1051 in
571 994 682 1054 sanctis
701 993 856 1060 mirabilis,
871 994 902 1049 in
915 990 1131 1064 magestatibus
1222 988 1351 1049 Ponetur
1361 992 1390 1049 in
1406 1008 1442 1051 ea
1456 1009 1561 1051 murus
1575 1010 1581 1051 :
1596 999 1625 1053 et
1641 996 1843 1054 antemurale.

307 1086 421 1145 iaciens
433 1082 580 1159 prodigia.
1221 1080 1339 1153 Aperite
1350 1086 1453 1154 portas
1466 1082 1652 1153 ingrediatur
1665 1098 1739 1153 gens
1748 1084 1827 1143 iusta
1840 1086 2013 1143 custodiens

343 1170 1133 1239 mandistidexteramtnamctoevoraoitaosterragu·
1186 1167 1360 1228 veritatem:
1382 1174 1467 1228 retus
1482 1187 1564 1227 error
1591 1172 1688 1230 babit.

305 1254 1130 1335 bernastiiustitiatunpopulurntuumhuncquemliberasti.
1223 1256 1360 1315 servabis
1374 1273 1491 1331 pacem,
1507 1276 1612 1332 pacem
1629 1260 1700 1334 quia
1710 1260 1740 1318 in
1755 1266 1782 1317 te
1802 1262 2011 1335 sperabimus:

344 1350 520 1411 consolatus
532 1366 564 1408 es
574 1349 605 1407 in
619 1351 784 1407 virtutetua
796 1365 802 1404 :
814 1348 846 1405 in
855 1348 1015 1405 relectione
1026 1347 1132 1404 sancta
1186 1344 1326 1415 sperastis
1336 1345 1367 1403 in
1380 1346 1508 1404 Domino
1522 1348 1554 1405 in
1566 1348 1674 1405 seculis
1693 1349 1803 1407 eternis
1830 1350 1863 1407 in
1891 1352 2013 1409 ὓοιιιίυο

304 1442 368 1499 tna.
1185 1429 1247 1489 Deo
1262 1432 1328 1490 lorti
1340 1434 1369 1491 in
1395 1441 1585 1509 perpetuum.

339 1527 652 1600 audieruntgenteset
663 1525 817 1584 iratesunt
832 1522 967 1582 :dolores
985 1522 1130 1597 adpreen·
1220 1521 1276 1587 Qui
1294 1522 1466 1581 incurbabit
1474 1522 1644 1583 habitantes
1664 1525 1695 1583 in
1707 1526 1825 1585 excelso
1842 1528 2011 1587 :civitatem

301 1614 412 1673 derunt
422 1613 623 1672 inhabitantes
633 1612 769 1672 Filistim.
1184 1609 1344 1667 sublimem
1357 1611 1534 1671 humiliabIt.

336 1702 651 1763 mercennariorum
676 1702 769 1760 duces
796 1701 910 1760 Edem:
925 1704 955 1758 et
977 1700 1128 1773 principes
1219 1697 1467 1757 llurniliabiteam
1483 1702 1631 1775 usquead
1646 1708 1755 1761 terram
1769 1720 1776 1761 :
1792 1704 1932 1763 detrahet
1949 1722 2010 1764 ean

299 1789 1128 1866 boabitarumadpreenditeostimor:tabueruntomnes
1184 1802 1279 1859 nsque
1295 1786 1335 1844 ad
1358 1788 1525 1859 pulberem.

298 1882 501 1941 inhabitantes
512 1882 656 1940 Canum.
1219 1876 1411 1934 conculcabit
1422 1892 1490 1935 eam
1503 1894 1557 1952 pes
1573 1898 1580 1940 ε
1595 1880 1687 1953 pedes
1702 1896 1874 1955 pauperum
1892 1898 2008 1955 gressus

334 1973 456 2031 Decidat
470 1988 562 2045 super
571 1987 623 2043 eos
633 1971 724 2030 timor
738 1974 767 2029 et
780 1973 891 2027 hemor
905 1967 1126 2041 magnitudinis
1182 1978 1358 2035 egenorum.

297 2059 392 2119 bracii
405 2060 447 2117 tui
459 2077 466 2117 ε
476 2059 717 2133 flanttamquem
728 2057 806 2130 lapis
816 2058 912 2114 donec
926 2062 1058 2115 transeat
1072 2072 1127 2129 po·
1217 2053 1401 2111 Semitaiusti
1415 2058 1495 2112 recta
1508 2054 1587 2114 laete
1601 2060 1645 2114 est
1661 2061 1777 2115 :rectus
1787 2058 1874 2117 callis
1886 2060 1957 2117 iusti
1968 2060 2007 2119 ad

296 2148 388 2223 putus
403 2153 473 2205 tuus
483 2147 726 2219 Dominamque
737 2144 812 2202 dum
830 2148 1016 2219 pertranseat
1031 2160 1127 2218 popu·
1182 2140 1416 2200 ambulandum.

296 2236 425 2294 lustuns
439 2235 521 2293 hunc
534 2251 627 2309 quem
641 2233 786 2291 liberasti.
1219 2235 1247 2286 ln
1265 2230 1366 2288 semita
1374 2229 1676 2291 iudiciorumtuorum
1685 2234 1808 2292 Domine
1814 2236 2011 2295 sustinuimus

333 2325 426 2383 indue
439 2328 469 2382 et
482 2322 582 2398 planta
592 2338 663 2381 eum
674 2324 706 2379 in
721 2324 855 2379 montem
867 2320 1040 2379 hereditatis
1058 2324 1123 2379 tue:
1182 2319 1209 2374 te
1222 2335 1228 2374 :
1240 2334 1352 2377 nomen
1365 2324 1451 2377 tuum
1463 2324 1492 2378 et
1507 2322 1682 2381 memoriale
1699 2329 1785 2381 tuum
1813 2324 1846 2383 in
1857 2324 2008 2384 desiderio

297 2413 329 2473 in
338 2416 498 2487 preparata
505 2411 692 2471 habitatione
706 2414 758 2469 tua
771 2425 867 2483 quam
892 2410 1056 2487 preparasti
1071 2409 1126 2467 tibi
1182 2407 1292 2465 anime.

301 2502 439 2562 nomina,
1217 2496 1328 2553 Anima
1340 2513 1409 2555 mea
1419 2496 1569 2557 desideret
1580 2500 1644 2558 tein
1656 2503 1743 2559 nocie
1759 2520 1767 2557 ε
1783 2502 1837 2559 sed
1847 2507 1877 2560 et
1888 2504 2009 2577 spiritus

334 2590 546 2651 sanctuarium
560 2592 647 2648 tuum
658 2588 785 2648 Domine
795 2588 879 2663 quod
889 2588 1127 2661 preparaberunt
1182 2598 1269 2642 meus
1283 2586 1314 2642 in
1325 2586 1489 2659 precordiis
1505 2588 1580 2644 meis
1598 2589 1636 2646 de
1649 2604 1738 2647 mane
1768 2590 1903 2662 vigilabo
1919 2594 1958 2651 ad
1971 2600 2007 2651 tc.

298 2695 409 2741 manus
424 2684 474 2737 tue
488 2696 495 2737 :
510 2678 637 2737 Domine
652 2679 704 2753 qni
724 2692 833 2750 regnas
847 2676 878 2735 in
899 2680 1034 2735 eternum
1052 2677 1127 2735 etin
1219 2674 1315 2739 Quum
1332 2673 1435 2731 leceris
1447 2674 1557 2733 iudicia
1568 2681 1619 2734 tua
1631 2676 1662 2734 in
1677 2682 1755 2735 terra
1771 2698 1777 2739 :
1795 2679 1942 2739 iustitiam
1952 2684 2008 2739 dis

299 2770 516 2845 sempiternum
528 2771 556 2826 et
569 2767 680 2825 adbuc.
1183 2767 1251 2821 cent
1264 2762 1446 2821 habitatores
1472 2765 1563 2821 orbis.

334 2859 411 2927 Quia
420 2857 553 2916 introibit
566 2856 718 2931 equitatus
737 2854 880 2913 Faraonis
899 2869 995 2927 quum
1005 2850 1126 2926 quadri·
1218 2850 1408 2909 llisereamur
1421 2852 1525 2927 impio,
1542 2858 1571 2911 et
1584 2870 1644 2912 non
1669 2854 1767 2913 discet
1788 2856 1968 2917 iniustitiam
1980 2860 2009 2917 in

297 2944 345 3019 gis
359 2951 389 3004 et
399 2945 611 3004 ascensoribus
629 2945 659 3000 in
673 2958 757 3001 mare
785 2948 814 2999 et
828 2942 945 2998 induxit
967 2958 1058 3014 super
1074 2957 1126 2998 eos
1147 2926 1168 2985 C
1184 2942 1260 2997 terra
1273 2946 1463 2997 sanctorum:
1480 2940 1581 3015 inique
1598 2944 1688 3014 gessit
1703 2948 1731 3001 et
1744 2960 1805 3001 non
1818 2946 1935 3005 videbit
1946 2949 2008 3020 glo·

299 3034 444 3094 Dominus
459 3049 555 3108 eques
566 3031 738 3091 maris:ttlii
754 3035 855 3089 autem
870 3029 972 3089 Srahel
988 3030 1126 3090 ambide-
1182 3029 1258 3085 riam
1274 3028 1402 3086 Domini.

297 3121 407 3182 berunt
423 3121 599 3198 persiccum
612 3136 667 3194 per
684 3119 820 3178 medium
834 3135 927 3176 mare.
1217 3119 1341 3176 Domine
1351 3121 1496 3179 exaltetur
1506 3137 1614 3180 manus
1625 3125 1677 3180 tua
1689 3127 1718 3180 et
1736 3138 1798 3181 non
1812 3123 1939 3183 videant
1950 3145 1956 3184 :
1968 3129 2009 3184 ri·
2057 3137 2058 3207 l

685 3210 752 3267 tvl.
1180 3206 1270 3264 deant
1284 3213 1311 3264 el
1326 3208 1930 3286 contundanturzelautespopulietignis
1946 3215 2011 3276 hos·
2056 3243 2057 3322 p

441 3297 720 3376 [nxxannsanicou
731 3314 818 3355 asara
833 3311 981 3355 raoraarr.
1180 3301 1224 3352 tes
1235 3299 1302 3354 tuos
1321 3296 1445 3357 devoret
1466 3341 1473 3355 .

625 3387 803 3459 Capitutoi.
1550 3389 1640 3445 Lvlll.
2055 3385 2056 3437 l

336 3473 1124 3540 emanonnncdtlectooantisnmdilactevinacmee:
1375 3490 1511 3534 olannus
1540 3493 1626 3533 asara
1652 3493 1801 3536 ranrasrr.
2054 3501 2055 3551 l

299 3567 391 3627 vinea
400 3567 481 3626 iacta
494 3572 540 3625 est
549 3565 658 3624 dilecta
672 3565 702 3623 in
717 3564 784 3622 loco
796 3563 890 3621 uberi.
1466 3565 1719 3637 Capituloeodem.
2053 3607 2054 3665 p

336 3657 370 3714 ln
385 3671 479 3714 cornu
489 3660 517 3713 et
531 3654 661 3712 macerie
676 3651 861 3711 circumdedi
873 3655 902 3710 et
923 3650 1101 3710 oircumlodi
1117 3667 1124 3709 :
1220 3645 1246 3728 fl
1264 3651 1354 3708 xvlll.
1371 3651 1559 3727 Preceptum.

300 3748 331 3804 et
343 3743 480 3819 plantabi
491 3745 611 3801 vineam
626 3742 746 3801 Sorech.
1215 3741 1289 3796 Ana.
1310 3741 1411 3798 Vivent
1420 3744 1527 3799 mortni
1541 3745 1588 3801 tui
1599 3745 1755 3813 interfecti
1767 3747 1827 3804 mei
1840 3757 2003 3821 resurgant.
2052 3729 2053 3779 ¹

336 3835 371 3892 Et
380 3830 520 3890 edificabi
533 3835 643 3888 turrem
656 3831 687 3889 in
713 3829 814 3889 medio
836 3830 923 3888 eius:
946 3833 974 3887 et
996 3829 1127 3890 torcular
1216 3829 1340 3886 Domine
1353 3829 1440 3887 dabis
1457 3848 1563 3904 paoem
1585 3833 1686 3890 nobis:
1700 3835 1805 3892 omnia
1816 3835 1897 3893 eninr
1913 3853 2005 3912 opera
2051 3822 2052 3895 l

299 3921 363 3981 todi
373 3922 403 3979 in
419 3936 465 3979 ee.
1179 3920 1435 3990 nostraoperatus
1448 3934 1481 3975 es
1506 3919 1539 3975 in
1565 3920 1666 3978 nobis.
2050 3931 2051 3940 ¹

337 4013 372 4068 lit
385 4009 511 4068 sustinui
525 4007 767 4067 utieoeretnbas
783 4025 790 4067 ι
805 4007 874 4064 iecit
897 4010 998 4064 autem
1010 4007 1125 4082 spinas.
1216 4005 1341 4063 Domine
1361 4009 1438 4064 Deus
1463 4012 1565 4065 noster
1593 4009 1786 4082 possiderunt
1811 4026 1868 4069 nos
1889 4011 2007 4070 domini

336 4103 460 4159 Etnune
473 4099 567 4157 borno
582 4099 655 4155 lnda
669 4102 698 4155 et
711 4098 763 4172 qui
776 4097 919 4154 habitatis
932 4097 964 4152 in
992 4097 1127 4157 lherusa·
1179 4094 1291 4168 absque
1306 4099 1334 4152 te
1350 4113 1357 4152 :
1373 4101 1489 4154 tantum
1501 4097 1531 4154 in
1547 4101 1575 4154 te
1592 4097 1787 4156 recordemur
1801 4100 1938 4158 nominis
1955 4103 2006 4159 tui.

298 4188 629 4249 lemiudicateinterme
641 4186 798 4244 streniam
807 4184 1005 4258 meam:quid
1015 4186 1124 4245 inciam
1214 4183 1368 4242 llorientes
1382 4199 1443 4242 non
1456 4185 1569 4259 vibant,
1586 4187 1721 4260 gigantes
1737 4203 1798 4246 non
1821 4195 1982 4262 resurgant
1996 4211 2003 4252 :

300 4278 387 4338 vinee
401 4293 468 4336 mee
482 4276 582 4334 adhuc
594 4275 677 4350 quod
691 4275 718 4332 ei
739 4288 801 4330 non
813 4271 943 4329 fecerim.
1139 4276 1163 4333 D
1178 4277 1336 4347 propterca
1349 4273 1475 4332 visitasti
1489 4279 1518 4330 et
1536 4275 1711 4333 conteruisti
1736 4280 1765 4334 et
1776 4276 1935 4350 perdidisti
1943 4295 2005 4338 om-

334 4367 478 4437 Quoniam
487 4363 615 4424 sustinui
626 4368 659 4420 ut
688 4362 798 4420 iaceret
825 4360 921 4418 ubas:
938 4360 1006 4419 iecit
1020 4368 1122 4423 aulem
1176 4376 1247 4418 nens
1261 4363 1438 4420 memoriam
1459 4379 1574 4420 eorum.

297 4457 411 4534 spinas.
1212 4448 2004 4531 indulsistigentiDominerindulslstigenti,nnmqnid

332 4548 528 4604 Nuneautom
555 4537 749 4601 adnunciabo
768 4536 855 4596 vobis
867 4557 875 4599 ε
889 4537 965 4612 quid
986 4539 1121 4601 tacturus
1175 4537 1359 4611 glorificatus
1372 4539 1427 4595 esi
1442 4539 1589 4612 elongasti
1600 4557 1705 4600 omnes
1726 4545 1869 4602 terminos
1880 4550 1964 4602 terre.

294 4649 364 4694 ,um
373 4633 460 4690 vinea
475 4646 550 4688 man.
1210 4625 1334 4684 Domine
1344 4625 1375 4684 in
1385 4629 1523 4700 angustia
1533 4629 1734 4704 requisierunt
1748 4637 1775 4690 te
1792 4649 1799 4690 :
1815 4637 1846 4690 et
1858 4632 1890 4691 in
1913 4634 2002 4692 trihu-

324 4721 465 4781 ltuieram
474 4719 637 4778 maceriam
652 4718 717 4776 eius
728 4723 757 4776 et
771 4715 827 4776 erit
841 4715 874 4774 in
887 4716 1057 4790 direptione
1073 4724 1119 4779 :et
1171 4714 1283 4774 latione
1298 4717 1459 4773 murmuris
1474 4718 1610 4778 doctrina
1624 4723 1674 4778 tua
1685 4721 1715 4778 in
1730 4721 1785 4779 eis.

287 4811 445 4870 dextruam
458 4810 585 4883 parietes
596 4809 659 4866 eius
672 4807 762 4866 eterit
776 4808 807 4864 in
822 4806 1061 4865 conculcatione.
1207 4805 1287 4863 Sicut
1305 4820 1364 4878 que
1386 4807 1523 4879 concepit
1547 4808 1621 4865 dum
1648 4809 1938 4885 adpropinquaberit
1955 4811 1995 4868 sd

323 4903 358 4958 lit
370 4898 579 4975 derelinquam
590 4897 621 4956 vi
633 4914 701 4957 eam
713 4913 810 4955 meam
822 4914 829 4953 τ
841 4900 870 4954 et
884 4910 946 4953 non
961 4897 1115 4969 potabitur
1169 4893 1530 4982 partum,dolensclamat
1540 4896 1570 4954 in
1580 4896 1736 4958 doloribus
1762 4899 1838 4957 siris:
1867 4903 1909 4958 sic
1936 4899 1996 4958 lac·

283 5003 383 5063 neque
405 4988 543 5047 iodietnr.
1167 4981 1335 5042 tisumusa
1349 4981 1483 5042 iacietua
1499 4983 1635 5045 Domine.

320 5077 571 5136 litascenduntin
586 5076 742 5135 camsicut
769 5075 801 5132 in
830 5088 937 5145 agrum
963 5072 1111 5132 incultum
1202 5071 1399 5144 Concepimus
1412 5075 1441 5128 et
1451 5073 1540 5146 quasi
1549 5075 1767 5149 parturibimus
1784 5081 1813 5135 et
1823 5075 1992 5152 peperimus

280 5166 368 5242 spine
381 5182 390 5224 r
403 5170 432 5224 et
447 5165 580 5225 nubibus
591 5163 746 5223 mandabo
758 5178 796 5220 ne
810 5162 916 5238 pluant
931 5177 1021 5236 super
1042 5177 1110 5220 eam
1165 5159 1302 5234 spiritum
1313 5178 1319 5214 :
1331 5159 1457 5218 salutem
1471 5177 1532 5219 non
1543 5161 1668 5222 lecimus
1679 5165 1711 5222 in
1734 5169 1814 5225 terra
1830 5165 1900 5225 ideo
1933 5182 1992 5226 non

280 5254 433 5332 plubiam.
1164 5248 1335 5306 ceciderunt
1348 5247 1532 5308 habitatores
1542 5253 1628 5310 terre.

316 5343 407 5403 Viaca
424 5344 506 5402 enim
524 5341 644 5400 Domini
656 5339 790 5398 Sabaoth
802 5340 912 5402 domus
926 5343 971 5400 est
981 5339 1105 5400 srahel:
1199 5337 1303 5395 vibent
1316 5338 1424 5395 mortui
1439 5338 1482 5396 tui
1498 5356 1505 5396 r
1521 5345 1550 5397 et
1570 5341 1716 5400 interlecti
1741 5343 1799 5402 mei
1821 5349 1988 5418 resurgent

277 5437 308 5494 at
320 5433 415 5493 domo
423 5431 504 5491 luda
516 5428 673 5493 nobellum
686 5428 839 5490 dilectum
1197 5425 1988 5510 &pergesciminietlnudateDominumquihabitatis
