4117 6175
1754 41 1760 63 ¹
1821 45 1865 70 ’Ἰ
1873 47 2055 84 ἻΨἾΤΓ,

260 215 311 273 103
888 199 1118 261 eltevrertmlt
1136 200 1334 264 obtulerint.
1913 220 1966 281 iot

541 336 645 395 Futile
668 334 810 401 QUARTA
1098 327 1122 382 Α
1137 329 1166 383 et
1181 326 1375 389 admiramini
1390 336 1528 392 :montes
1540 333 1624 392 anim
1637 338 1920 417 commovebuntur,
1936 354 1968 409 et

539 424 589 483 Ao
602 424 796 483 Mututr'num.
1136 418 1344 477 concutientur
1362 418 1560 482 fundamenta
1582 429 1676 483 terrm.
1692 427 1763 485 lter
1773 432 1850 489 terra
1862 433 1966 508 splen.

290 518 475 591 Antiphone.
489 518 523 572 ln
537 517 564 572 te
591 512 715 571 confidit
732 510 834 568 anima
852 522 930 565 mea.
947 504 1083 563 Psutmas
1135 503 1208 561 duit.
1219 506 1251 568 t.
1265 506 1372 576 Gloria,
1385 514 1414 569 et
1427 510 1534 571 honor.
1552 512 1716 575 licita-etur
1728 517 1964 590 Responsortum.

256 624 314 667 nur.
326 606 433 664 Oratio.
450 602 587 661 DeusDei
602 600 701 667 Filius,
711 598 796 670 cujus
805 596 837 654 in
861 600 1004 653 aternum
1019 608 1082 667 per·
1134 594 1208 651 Ecce
1223 596 1373 670 majestas.

254 700 366 753 menet.
386 696 504 767 Requue
511 693 569 763 sol.
583 696 609 749 3.
1170 681 1201 743 r.
1213 682 1332 744 Clamor
1342 683 1499 746 factusest:
1513 704 1718 765 ccccsponsus
1732 694 1821 753 venit.
1835 696 1866 756 P.
1882 700 1964 758 Exite

289 782 468 855 antiplona.
484 775 801 853 Egredieturvirgade
819 772 921 831 radice
937 774 1028 829 iesse.
1049 773 1078 829 Ρ.
1133 770 1254 829 obviam
1269 774 1306 831 ei.
1325 774 1357 836 ll.
1387 777 1573 852 Benedictus,
1597 782 1650 856 qui
1678 784 1758 841 venit
1783 784 1815 841 in
1841 788 1965 846 nomine

254 876 288 931 Et
297 872 353 930 ilos
361 873 399 930 de
412 872 514 930 radice
522 871 587 943 ejus
601 867 755 927 ascendet.
771 866 803 922 P.
833 866 867 922 Et
882 860 1030 935 judicabit
1048 860 1080 918 in
1134 857 1266 929 Domini,
1280 878 1331 920 rex
1347 863 1448 925 lsrael.
1458 867 1488 922 Ρ.
1498 868 1587 925 Exite.
1602 868 1633 930 t.
1645 870 1750 939 Gloria,
1766 871 1898 933 ethonor
1910 879 1965 937 Pn-

248 961 362 1035 justitia
376 976 535 1034 pauperes.
562 958 593 1019 ti.
615 956 737 1028 virgam
755 950 871 1011 uirtutis
890 958 949 1007 tum
968 948 1081 1006 emittet
1133 948 1300 1008 limittatur
1320 951 1561 1025 Responsorr'um.
1578 949 1806 1019 Glemortactus
1825 969 1879 1023 est.

251 1048 396 1107 Dominus
404 1064 441 1105 ex
456 1048 542 1105 Sion:
554 1045 711 1103 dominare
721 1042 751 1099 in
759 1040 858 1098 medio
888 1036 1078 1096 inimicorum
1165 1048 1196 1106 la.
1213 1041 1286 1095 Ecce
1300 1041 1445 1099 Dominus
1460 1044 1600 1104 ascendet
1615 1062 1706 1119 super
1722 1049 1837 1109 nubem
1851 1053 1960 1114 levem.

252 1141 385 1195 tuorum.
405 1138 435 1195 Ρ.
456 1139 488 1193 Et
502 1133 558 1192 llos
573 1133 610 1191 de
628 1132 736 1191 radice.
751 1130 784 1193 t.
817 1128 924 1194 Gloria,
941 1133 970 1184 et
981 1126 1080 1183 honor
1133 1122 1166 1179 P·
1184 1126 1217 1183 Et
1239 1126 1423 1199 ingredietur
1443 1134 1617 1206 AEgyptom,
1632 1142 1669 1205 et,
1685 1143 1718 1194 ut
1730 1154 1783 1196 rex
1802 1139 1899 1211 fortis,
1911 1143 1963 1204 do

251 1225 341 1285 Patri.
357 1228 389 1282 P.
405 1228 439 1283 Et
465 1223 622 1298 judicabit.
1131 1214 1422 1278 missfflifflrcunt'liss
1441 1220 1629 1291 geuriensi.
1650 1225 1728 1283 Deus
1747 1229 1962 1292 manifestave-

288 1314 400 1372 Orctto.
413 1317 481 1371 Esto
488 1311 589 1381 nobis,
597 1312 730 1381 Domine,
742 1304 966 1379 coronaglorirc
980 1305 1075 1373 indie,
1131 1303 1193 1361 niet
1204 1308 1232 1363 et
1244 1322 1306 1363 non
1315 1307 1420 1366 silebit.
1436 1310 1467 1365 P.
1492 1313 1525 1369 et
1541 1312 1733 1385 ingredietur.
1744 1316 1775 1380 t.
1804 1319 1912 1388 Gloria,
1929 1327 1959 1382 et

250 1402 434 1475 quoveneris
454 1408 601 1459 naculum
622 1400 758 1473 judicare
779 1396 956 1471 perignem,
974 1400 1005 1452 nt
1027 1394 1076 1452 bic
1130 1392 1236 1451 honor.
1252 1398 1283 1451 P.
1295 1398 1329 1454 lit
1345 1396 1537 1470 ingredietur.

249 1492 333 1563 prius
348 1491 485 1549 vestiaris
501 1490 677 1547 indumento
692 1486 824 1560 justitior,
839 1493 867 1543 et
881 1490 951 1559 post
963 1482 1075 1558 periec-
1164 1480 1196 1544 t.
1212 1485 1285 1541 Ecce
1309 1486 1454 1545 Dominus
1484 1489 1589 1559 veniet,
1603 1495 1631 1549 et
1654 1507 1715 1551 nnn
1744 1497 1912 1556 mentietur.
1924 1500 1956 1561 P.

249 1584 280 1637 ta
298 1580 398 1652 gloria
411 1580 555 1638 libertate.
568 1577 754 1648 Respondeat
774 1574 896 1632 ditores.
914 1573 1019 1631 Amen.
1130 1570 1830 1657 Etsimoramlecerit,exceptaillum;quoniam
1842 1587 1952 1657 veniet,

285 1672 340 1727 Per
352 1668 589 1726 misericordiam
605 1671 697 1732 tuam,
727 1667 804 1721 Deus
819 1670 930 1721 noster.
1088 1676 1112 1733 Β
1130 1666 1158 1717 ct
1169 1677 1231 1719 non
1242 1663 1379 1722 tardabit.
1393 1664 1424 1727 t.
1438 1666 1493 1733 Qui
1511 1668 1616 1729 emittit
1631 1670 1785 1747 eloquium
1797 1679 1891 1745 terre,
1905 1693 1956 1735 ve·

285 1758 460 1829 Antiphone
470 1762 493 1813 t.
508 1753 740 1823 Quibusnonest
754 1756 909 1810 narratum
919 1750 957 1807 dc
971 1766 1017 1823 eo,
1030 1751 1073 1808 vi·
1128 1749 1231 1809 lociter
1244 1754 1335 1812 currit
1349 1771 1447 1813 sermo
1462 1757 1537 1829 ejus.
1548 1761 1579 1816 P.
1595 1762 1636 1828 Et,
1652 1761 1678 1818 si
1699 1779 1826 1831 moram,
1840 1764 1952 1825 iecerit.

249 1847 377 1907 debunt.
391 1845 423 1902 P.
434 1848 476 1913 lit,
486 1845 540 1918 qui
551 1858 613 1901 non
623 1842 791 1907 audierunt,
804 1839 978 1913 intelligent:
992 1844 1075 1898 ctas·
1128 1838 1159 1901 t.
1174 1841 1280 1909 Gloria,
1294 1848 1323 1901 et
1333 1843 1431 1900 honor
1450 1846 1525 1904 Patri
1544 1850 1574 1905 P.
1587 1850 1629 1921 Et,
1643 1848 1667 1905 si
1682 1866 1809 1909 moram.

249 1936 364 2004 candet,
376 1935 452 1992 sicut
471 1931 634 2005 virgultum
648 1945 750 1988 coram
773 1943 820 1999 eo,
845 1930 874 1985 ct
898 1926 976 1986 sicut
986 1928 1074 1985 radix
1163 1928 1194 1990 t.
1211 1932 1325 1989 orietur
1335 1932 1507 1991 timentibus
1527 1937 1618 1993 Deum
1634 1937 1679 1996 sol
1688 1936 1954 2012 justitioe‚etsani-

246 2026 284 2085 de
297 2029 374 2083 terra
390 2022 507 2081 sitienti.
517 2020 549 2083 it.
563 2024 596 2078 ln
610 2035 665 2077 sua
672 2018 788 2094 justitia
797 2015 948 2090 judicabit
960 2032 1074 2091 paupe·
1129 2021 1174 2076 tas
1188 2018 1219 2075 in
1229 2019 1456 2093 pennissJ'ust.
1466 2023 1619 2082 orieturin
1638 2025 1744 2085 diebus
1754 2028 1949 2103 ejusjustilin‚

245 2113 413 2188 respopuli,
427 2116 456 2169 et
467 2110 567 2169 salvos
581 2108 756 2167 iacietfilios
772 2121 954 2181 pauperum,
966 2110 995 2163 et
1011 2107 1071 2164 bu·
1127 2109 1156 2163 ct
1168 2106 1354 2168 abnndantia
1368 2111 1451 2183 pacis
1465 2129 1472 2169 :
1487 2111 1584 2171 donec
1602 2115 1760 2175 extollatur
1772 2116 1854 2176 luna.
1867 2120 1904 2178 P.
1916 2122 1949 2180 Et

244 2202 373 2261 miliabit
385 2199 645 2259 calumniatorem.
660 2198 681 2253 P
708 2200 751 2265 Et,
760 2195 814 2269 qni
827 2210 890 2253 non
902 2194 1069 2252 audierunt.
1127 2196 1249 2255 sanitas.
1260 2195 1292 2260 r.
1306 2198 1411 2268 Gloria,
1426 2205 1454 2257 et
1463 2201 1561 2260 bonor
1583 2204 1673 2270 Patri,
1687 2210 1716 2263 et
1727 2206 1848 2279 Filio,et
1860 2209 1948 2283 Spiri-

243 2291 274 2353 t.
290 2290 398 2356 Gloria,
415 2289 593 2349 ethonorP.
608 2288 649 2353 et,
660 2286 711 2359 qui
726 2301 787 2343 non
797 2284 965 2342 audierunt.
1125 2284 1168 2342 tui
1182 2286 1300 2343 Sancto.
1310 2288 1345 2343 P.
1361 2289 1394 2345 iit
1416 2289 1538 2347 sanitas.

279 2372 1067 2447 Oratioouibnsnonestnarratumdceo‚videbunt;
1158 2373 1214 2433 Ad
1233 2376 1371 2445 Vesperos
1385 2376 1517 2453 dicotur,
1541 2386 1575 2437 ut
1592 2381 1714 2453 inferio
1734 2390 1820 2444 reeta
1836 2386 1946 2457 prims

243 2472 281 2543 et,
294 2467 595 2544 quinonaudierunt,
612 2463 795 2535 intelligere
806 2463 878 2537 quia
894 2460 1068 2535 spcsfldain
1124 2460 1323 2523 hebdomoda.

241 2558 435 2632 ipsosemper
447 2560 558 2625 manet,
572 2556 602 2611 in
615 2569 677 2627 quo
687 2556 732 2610 est
741 2550 872 2625 perlecta
888 2550 989 2620 gloriae
1006 2549 1067 2623 ple·
1398 2557 1503 2614 reaia
1525 2559 1668 2625 noluit.

240 2648 355 2705 nitudn.
368 2645 634 2720 Repleatitequeos
647 2639 984 2711 nostrumjocunditate,
997 2642 1066 2698 utet
1402 2647 1452 2704 Ad
1476 2648 1661 2708 liaculorum

240 2750 300 2795 vox
313 2742 417 2795 nostra
432 2736 497 2808 eius
517 2732 640 2791 resultet
666 2729 834 2805 preconiis,
850 2734 880 2786 ct
902 2728 1065 2805 impleatur
1143 2729 1336 2798 'lolintona
1347 2732 1482 2805 Domine,
1494 2736 1764 2813 quidmuitiplicati
1774 2745 1856 2801 sunt?
1871 2742 1943 2801 Gom

237 2826 341 2885 anima
354 2827 452 2884 donis.
466 2824 648 2895 Respondeat
665 2822 789 2879 Cinorus.
814 2824 919 2877 Amen.
1118 2822 1502 2896 sucoruttcceltnltiplicati
1513 2828 1942 2904 suntltomineilequiresott.

274 2917 329 2973 Per
343 2913 583 2971 misericordiam
596 2916 689 2969 tuam.
1153 2911 1361 2982 reciprocat.
1376 2914 1450 2970 Ecce
1462 2915 1607 2973 Dominus
1629 2918 1772 2975 ascendet
1787 2935 1876 2993 super
1888 2935 1944 2977 nu-

272 3004 446 3074 Antipbocu
460 3006 487 3059 2.
501 3000 635 3058 Exultntc
649 3000 681 3055 in
692 2996 795 3056 laetitia
820 2996 924 3067 iacob,
947 3000 976 3055 et
989 2996 1062 3054 inite
1081 3028 1101 3085 C
1116 2997 1186 3056 bem
1202 2999 1308 3058 levem.
1319 3002 1355 3058 P.
1368 3004 1403 3059 Et
1416 3003 1599 3074 ingredietur
1612 3008 1784 3080 AEgyptum.
1796 3008 1829 3065 P.
1846 3008 1942 3083 Et,:ut

236 3096 441 3165 contracaput
454 3091 599 3162 gentium.
616 3091 656 3148 P.
664 3089 836 3156 Personate,
858 3086 963 3160 canite,
975 3092 1002 3143 et
1017 3085 1060 3144 di·
1114 3103 1166 3146 rex
1185 3089 1279 3160 tortis,
1294 3090 1624 3152 dominabitnrcunctis
1640 3096 1787 3167 gentibus.
1802 3096 1834 3162 t.
1860 3100 1939 3155 Deus

235 3181 300 3240 cite.
316 3179 456 3248 P.Salra,
472 3177 606 3246 Domine,
623 3177 770 3252 populum
794 3181 888 3249 tuum,
918 3175 1060 3248 reliquias
1114 3177 1270 3236 manifeste
1282 3181 1390 3248 veniet,
1401 3181 1479 3238 Deus
1489 3187 1607 3252 nostcr3
1622 3191 1721 3242 elnon
1734 3185 1839 3244 silebit.
1852 3187 1881 3242 P.
1905 3189 1940 3244 Et

234 3271 334 3330 lsrael.
351 3270 504 3332 t.Sumite
518 3268 681 3343 psalmum,
709 3271 738 3325 et
760 3266 828 3325 date
852 3271 1058 3340 tympanum:
1112 3264 1346 3338 ingrediemini.
1364 3268 1471 3339 Gloria,
1486 3276 1514 3326 et
1534 3271 1632 3328 honor
1653 3273 1742 3344 Petri,
1766 3278 1796 3332 et
1810 3274 1891 3332 Pilio.
1905 3277 1936 3332 P.

234 3360 408 3435 psalterium
420 3357 588 3432 jocundum
601 3373 669 3414 cum
687 3355 813 3414 olmera.
840 3355 873 3412 P.
886 3358 1055 3423 Personam,
1112 3355 1155 3422 Et,
1169 3359 1202 3412 ut
1210 3373 1263 3414 rex
1271 3355 1366 3424 torris,
1387 3356 1602 3416 dominabitur.

232 3449 337 3514 canite.
354 3447 385 3512 t.
402 3447 500 3506 Gloria
511 3447 652 3505 ethonor.
667 3446 699 3503 P.
713 3445 811 3516 Salva,
832 3443 965 3501 Domine.
1147 3445 1260 3506 Oratio.
1276 3449 1348 3505 liceo
1361 3447 1567 3522 supernubem
1584 3449 1782 3506 teilominum
1795 3466 1938 3510 ascensu·

268 3538 381 3596 Oratio.
393 3537 462 3606 Pac,
473 3552 542 3609 nos,
557 3534 691 3600 Domine,
701 3534 790 3606 juste,
802 3531 902 3590 sobrie
922 3537 951 3590 et
964 3529 1010 3604 pie
1024 3532 1056 3588 in
1110 3549 1178 3591 rum
1193 3535 1407 3608 Prophetarum
1418 3537 1560 3597 vaticinia
1574 3536 1775 3612 predixerunt
1790 3555 1798 3596 ε
1814 3546 1843 3598 et
1866 3541 1935 3600 ideo

230 3625 289 3686 boc
303 3620 1054 3698 seculovivereexpectantesbeetamillamspem,
1110 3625 1933 3698 oequmsumusmt,quiolimincarnenasciturusmun·

230 3720 260 3774 et
271 3716 439 3774 Adventum
452 3714 593 3775 claritatis
605 3711 835 3784 magnificentia
855 3716 913 3769 iuer
936 3726 944 3767 ε
964 3715 993 3768 et
1011 3709 1056 3767 sic
1109 3709 1183 3769 dum
1203 3711 1401 3784 utiqueistum
1413 3714 1586 3786 ingrediens
1594 3731 1645 3773 rex
1657 3715 1752 3783 fortis,
1766 3716 1935 3776 dominium

229 3818 282 3877 par
296 3805 418 3862 semitas
430 3803 551 3876 jnstitiae
563 3815 731 3869 curramus,
748 3805 780 3857 nt
790 3799 895 3857 merito
912 3798 1055 3856 accedere
1108 3799 1262 3874 perfidem
1275 3800 1429 3859 obtinuisti
1443 3802 1475 3859 in
1491 3803 1630 3875 gentibus
1636 3823 1646 3877 3
1662 3805 1747 3878 pium
1764 3808 1791 3862 te
1805 3805 1836 3862 in
1846 3807 1935 3864 nobis

228 3893 268 3951 ad
282 3898 427 3952 aetarnam
456 3890 651 3951 hereditatem
674 3889 841 3964 possimus.
866 3887 1054 3958 Respondeat
1107 3889 1261 3957 ostendas,
1274 3905 1344 3947 cum
1367 3893 1541 3966 apparueris
1563 3893 1723 3966 gloriosus.
1749 3895 1932 3968 Respondeat
2041 3952 2042 3961 ,

228 3983 351 4042 Ctorru.
366 3987 467 4041 amem
1108 3978 1235 4038 Gboras.
1251 3981 1357 4039 Amen.

265 4072 321 4146 37
339 4075 395 4130 Per
405 4069 639 4129 misericordiam
647 4070 741 4134 tuam,
766 4068 961 4124 Dausnoster.
1141 4069 1195 4126 Per
1207 4067 1443 4128 misericordiam
1458 4071 1551 4140 tuam,
1570 4068 1648 4126 Deus
1662 4074 1774 4128 noster.

262 4172 295 4233 lp.
310 4160 475 4228 eieceritis,
501 4157 694 4222 Hierusalem,
720 4155 836 4214 ueniam
849 4155 881 4212 in
901 4153 1051 4214 montibus
1140 4156 1432 4228 tertiaedecimae
1447 4158 1591 4216 Dominus
1615 4159 1932 4230 venietetnonmen·
2037 4162 2038 4175 ¹

225 4251 284 4310 tuis
300 4248 516 4320 :eternitabie
529 4246 601 4322 quia
624 4245 688 4304 dies
713 4243 830 4302 Domini
855 4245 976 4302 venient
986 4242 1049 4302 tibi.
1106 4243 1201 4302 tiator.
1217 4244 1253 4305 P.
1271 4245 1471 4313 Etsimoram
1486 4247 1597 4313 iecerit,
1613 4253 1737 4322 expecta
1747 4247 1831 4306 illum
1841 4265 1932 4322 ;quo-

227 4342 329 4409 Surge,
345 4338 415 4397 Sion
428 4357 435 4408 ;
449 4341 619 4395 convertere
645 4335 683 4392 ad
698 4333 793 4391 Deum
809 4333 1051 4406 tuum.Gaude,et
1104 4332 1187 4389 niem
1198 4333 1319 4390 veniens
1335 4334 1441 4401 veniet,
1457 4339 1487 4392 et
1500 4350 1562 4392 non
1576 4335 1718 4395 tardabit.
1728 4335 1759 4398 tt.
1775 4337 1831 4404 Oui
1840 4337 1930 4396 mittit
2034 4360 2035 4367 ¹

224 4426 334 4494 letare,
346 4425 448 4484 iacob.
461 4427 497 4484 P.
519 4424 594 4492 Quia
606 4423 643 4480 de
657 4422 754 4479 medio
766 4421 899 4492 gentium
919 4420 1051 4479 salvator
1065 4385 1088 4440 D
1103 4417 1258 4492 eloquium
1274 4435 1363 4477 suum
1373 4427 1468 4489 terra,
1488 4423 1627 4480 velociter
1635 4425 1727 4482 currit
1736 4441 1835 4483 sermo
1848 4426 1874 4498 ej
1880 4441 1927 4483 ns.

225 4519 294 4573 tuus
304 4515 425 4588 prodiit.
437 4512 468 4577 t.
485 4515 652 4580 devertere,
667 4509 730 4566 tilia
744 4508 813 4568 Sion
830 4515 993 4568 :revertere
1009 4508 1050 4567 ad
1103 4508 1133 4562 Ρ.
1145 4509 1187 4576 lit,
1204 4507 1230 4563 si
1248 4523 1376 4568 moram.
1395 4508 1537 4576 tGloria,
1547 4516 1575 4568 et
1591 4511 1688 4569 honor
1702 4513 1791 4580 Patri,
1807 4513 1929 4585 etFilio,

224 4604 358 4662 civitates
373 4607 450 4662 tuas:
476 4607 632 4668 revertere,
648 4598 731 4670 virgo
756 4595 854 4655 lsrael.
868 4599 907 4656 P.
921 4596 997 4664 Onia
1010 4597 1049 4654 dc
1103 4601 1132 4654 et
1147 4595 1267 4670 Spiritui
1278 4596 1396 4655 Sancto.
1407 4599 1435 4654 P.
1447 4599 1492 4668 Et,
1508 4599 1535 4656 si
1560 4615 1679 4659 moram
1691 4601 1800 4663 iecerit.

223 4693 333 4750 medio.
349 4691 379 4754 r.
392 4690 489 4749 Gloria
502 4695 532 4748 et
545 4690 643 4747 honor
653 4687 740 4746 Patri.
761 4687 966 4758 retractura.
985 4686 1050 4745 Ple·
1140 4685 1930 4765 Oretic.lixpectamnstc,Domine‚qucniamveniens

223 4779 334 4850 cubilis,
355 4777 548 4837 Hierusalem.
1101 4774 1424 4850 veniesltunotamen,
1438 4777 1511 4852 quia
1522 4794 1650 4851 regnum
1665 4785 1750 4837 tuum
1769 4796 1860 4854 supra
1872 4784 1931 4837 ter-

260 4869 362 4925 Omnic
376 4869 439 4927 utia
448 4869 578 4941 usquein
590 4866 678 4938 fincta
688 4863 834 4922 Matutr'ni
844 4861 997 4932 dicontur,
1013 4868 1048 4921 ut
1101 4863 1202 4921 minos
1213 4869 1297 4922 terrae
1319 4867 1491 4938 agnoscitur
1506 4884 1514 4936 ;
1529 4883 1591 4925 non
1606 4872 1634 4925 tc
1649 4869 1806 4926 mentitum
1818 4867 1927 4934 inisse,

221 4956 254 5012 in
269 4957 442 5028 seetcfcriu
456 4957 563 5026 prime
578 4952 762 5012 hebdomoda
778 4953 835 5024 tot.
854 4953 898 5009 13.
910 4952 1048 5023 decepto
1101 4952 1259 5011 infirmitas
1273 4960 1376 5014 nostra
1384 4957 1576 5030 conqueritur
1591 4954 1926 5027 :Etideoexpectamus

220 5044 392 5116 Propterea,
401 5051 515 5116 quaest
524 5042 801 5114 dtccndccthur'nto
808 5041 1046 5114 Domininoprae-
1101 5048 1130 5100 te
1141 5043 1288 5103 desiderio
1302 5045 1491 5116 humiles,nt,
1510 5060 1579 5101 oum
1596 5041 1724 5109 veneris,
1740 5041 1852 5098 cilicias
1865 5057 1925 5101 nos

221 5134 306 5192 terito
318 5133 376 5204 sot.
396 5134 441 5190 el.
1102 5131 1154 5191 tibi
1162 5132 1225 5192 sine
1234 5133 1293 5193 tine
1309 5138 1472 5192 consortes.
1488 5129 1673 5201 Respondent
1683 5129 1802 5186 Gtorus.
1816 5136 1925 5195 Amen.

255 5233 287 5294 tt.
305 5224 377 5280 Ecce
387 5221 531 5294 maiestas
540 5222 592 5280 Dei
602 5221 679 5279 venit
688 5219 915 5294 perviumque
928 5217 1047 5294 respicit
1136 5221 1192 5280 Per
1209 5222 1439 5280 misericordiam
1457 5225 1549 5287 tuam,
1571 5219 1650 5274 Deus
1665 5221 1775 5276 noster.

220 5313 416 5374 adorientem
432 5329 438 5369 :
455 5317 484 5370 et
498 5312 639 5384 sorcius,
655 5311 732 5368 sicut
743 5326 802 5369 vox
814 5310 1046 5384 aquarummul·
1135 5311 1302 5382 Antiphone
1314 5315 1340 5367 3.
1357 5311 1470 5368 orietur
1481 5307 1654 5366 timentibus
1668 5308 1763 5368 Deum
1776 5309 1826 5368 Sol
1837 5311 1925 5384 justi-

218 5405 329 5462 tarum.
338 5401 372 5461 P.
388 5405 423 5462 Et
434 5406 511 5461 terra
525 5399 678 5476 splenduit
691 5416 709 5459 a
722 5397 854 5458 claritate
869 5399 997 5458 Domini.
1011 5395 1045 5460 t.
1099 5401 1157 5457 tic.
1172 5401 1235 5456 Plit
1249 5397 1361 5456 sanitm
1375 5398 1405 5454 in
1420 5395 1527 5470 pennis
1539 5396 1615 5469 ejus.
1624 5396 1658 5462 t.
1683 5399 1798 5458 orietur
1811 5401 1843 5458 in
1863 5399 1927 5459 die·

218 5492 335 5560 Audita,
347 5491 453 5552 insulae
463 5495 510 5566 ;et
530 5487 683 5563 attendite,
695 5488 800 5564 populi
818 5506 826 5547 :
841 5486 1045 5563 obstupescite
1099 5483 1925 5560 nusejusjenumerabundentiapsciszdonocextollatnr
