4117 6175
85 214 158 269 aser
671 210 916 275 sensionem.
936 238 972 254 -
991 212 1100 275 FESTA
1119 221 1223 283 tumr.
1733 204 1803 289 nse

82 335 160 393 mini
170 347 277 409 parare
290 332 356 389 vias
365 333 439 405 ejus,
449 337 630 399 addendam
644 341 798 401 scientiam
811 334 915 395 salutis
936 334 959 389 A
973 337 1004 395 in
1019 342 1148 405 veritate.
1169 347 1299 404 etloedos
1313 348 1606 419 perpetuum-teriam
1619 370 1691 411 cum
1701 356 1754 413 eis.
1769 360 1802 416 Et

82 424 166 499 plebi
181 423 258 495 ejus.
973 428 1081 487 scietur
1105 434 1288 507 ingentibus
1309 450 1413 490 semen
1438 450 1554 505 eorum,
1575 444 1736 512 etgarmen
1750 462 1798 502 eo·

266 510 422 569 Canticum
434 514 571 574 Zocbors'
588 516 687 590 (Lucu
700 518 733 591 ι).
970 532 1038 573 rum
1051 519 1082 575 in
1093 523 1192 579 medio
1203 522 1384 595 populorum
1396 538 1526 589 :omnes
1537 525 1590 598 qni
1600 528 1794 601 viderinteos‚

123 600 298 658 Benedictus
328 600 473 658 Dominus
497 605 574 662 Deus
591 608 692 675 lsrael,
706 605 803 681 *quia
814 604 916 661 visita·
971 615 1153 676 cognosoent
1164 626 1226 677 eos,
1243 611 1312 683 quia
1323 610 1372 666 isti
1386 615 1456 666 sunt
1472 627 1585 681 semen,
1607 617 1656 673 cui
1669 618 1794 677 benedi-

82 688 128 747 vit
142 686 248 745 etfacit
260 686 606 765 redemptionemplobis
617 710 679 751 sua
693 712 700 751 ε
968 695 1012 751 xit
1025 696 1179 755 Dominus.
1196 710 1232 769 n.
1252 700 1358 757 Amen.

122 780 156 835 Et
183 778 275 833 erexit
302 791 396 833 cornu
411 778 514 835 salutis
527 781 628 851 nobis,
653 782 684 839 in
705 782 798 840 domo
822 781 914 837 David

80 866 170 940 pueri
193 866 249 922 sui.
267 866 279 889 '
294 864 376 921 Sicut
400 866 518 925 loeutus
532 874 579 927 est
599 886 653 943 per
679 886 713 928 os
741 875 914 927 sanctorum

82 955 308 1028 phophetarum
323 970 459 1027 suorum,
474 958 527 1031 qui
537 958 577 1016 ab
595 974 662 1016 sevo
672 964 757 1016 sunt:

119 1046 152 1099 Et
168 1041 308 1099 liberavit
318 1058 373 1100 vos
388 1042 426 1100 ds
447 1043 576 1103 inimicis
590 1047 707 1117 vestris,
729 1051 758 1104 et
768 1047 806 1103 de
819 1063 913 1104 manu

82 1131 232 1198 omnium,
247 1131 299 1204 qui
312 1130 440 1189 oderunt
451 1148 529 1190 uos:
544 1134 612 1191 'ild
623 1134 914 1193 taciendammiseri·

82 1220 218 1277 cordiam
230 1236 299 1277 oum
315 1219 452 1295 patribus
464 1223 572 1279 nostris
588 1242 595 1276 r

120 1309 152 1365 Et
165 1308 325 1365 memorari
343 1310 515 1369 testamenti
537 1312 633 1369 sancti
654 1314 709 1370 sui.
724 1314 739 1347 '¹
756 1314 911 1385 tusjuran·

80 1398 165 1466 dum,
185 1400 266 1469 quod
283 1398 395 1471 juravit
407 1399 609 1458 adlbraham
622 1406 737 1475 patrem
763 1404 910 1474 nostrum,

81 1486 223 1542 daturum
241 1502 271 1542 se
283 1486 371 1544 nobis
387 1505 393 1543 :

118 1576 153 1631 Ut
162 1574 225 1632 sine
237 1576 352 1643 timore,
378 1577 416 1633 de
426 1593 519 1635 manu
534 1578 725 1637 inimicorum
738 1582 908 1638 nostrorum

78 1664 204 1736 liberati,
221 1664 237 1695 *
251 1664 421 1722 serviamus
431 1666 462 1723 in
474 1666 627 1725 sanctitate
637 1667 790 1739 eljustitia
806 1684 908 1726 eoram
927 1680 949 1736 Β

77 1752 147 1825 ipso
161 1753 302 1810 omnibus
312 1753 420 1812 diebus
432 1756 552 1813 nostris.

114 1844 148 1899 nt
161 1847 191 1898 tu
206 1857 290 1915 puer,
306 1845 453 1917 propheta
466 1844 607 1902 altissimi
618 1846 774 1903 vocaberis
790 1847 907 1920 :'prsei·

76 1929 125 1987 bis
139 1930 218 1988 enim
234 1936 303 1989 ante
317 1931 425 1990 faeiem
437 1934 556 1991 Domini
577 1950 681 2007 parare
693 1936 757 1993 vias
767 1935 832 2008 ejus
848 1954 855 1992 :

112 2019 158 2076 ld
170 2018 475 2089 dandamssientiam
489 2024 592 2081 salutis
606 2024 687 2098 plebi
705 2026 807 2097 ejus*
821 2026 852 2083 in
863 2042 906 2083 re·

75 2108 257 2169 missionem
267 2118 461 2185 peccatorum
478 2130 603 2171 eorum:

111 2199 167 2255 Per
179 2200 295 2259 viscera
309 2202 517 2261 misericordia
535 2204 584 2260 Dei
601 2204 692 2261 nostri
704 2204 739 2258 ν’
749 2203 900 2277 inquibus

71 2286 203 2345 visitavit
216 2303 281 2359 nos,
294 2290 394 2348 oriens
404 2306 442 2349 ex
458 2293 518 2349 alto
535 2310 542 2349 :

108 2376 290 2435 inluminare
301 2380 353 2449 eis,
366 2380 420 2454 qui
433 2380 462 2437 in
475 2380 646 2447 tenebrissl
663 2382 694 2439 in
704 2380 815 2438 umbra
825 2398 903 2438 mor·

70 2464 110 2521 tis
123 2465 228 2524 sedent
244 2484 251 2523 :
266 2467 283 2501 ⁴⁸
296 2466 335 2525 ad
351 2467 524 2539 dirigendos
535 2469 627 2543 pedes
644 2473 764 2528 nostros
774 2469 805 2527 in
824 2470 901 2527 siam

73 2568 171 2627 paors.

107 2644 294 2714 Antiphone.
309 2648 351 2703 l'u
361 2650 473 2704 autem.

109 2731 225 2789 Oratio.
241 2732 354 2790 Christe
364 2734 416 2791 Dei
428 2734 526 2801 Filius,
543 2735 595 2809 qui
608 2732 828 2793 sanctificatum
849 2734 902 2791 tibi

68 2822 219 2878 loannem
231 2824 446 2880 praecursorem
457 2824 735 2898 tuum,prophetam
746 2823 798 2881 tibi
806 2824 899 2895 eligia

68 2924 252 2983 preparans
268 2910 320 2970 tibi
332 2912 412 2970 riam
423 2914 454 2970 in
467 2912 615 2987 principio
628 2913 746 2969 viarum
763 2920 881 2969 tuarum
892 2930 899 2982 ;

69 3000 99 3053 et
114 3001 203 3070 perte
212 3014 339 3073 puerum
352 3002 435 3059 illum
442 3005 546 3060 antate
559 3002 632 3059 boni
648 3001 794 3058 nuncium
812 2999 901 3058 desti·
921 3027 942 3085 c

68 3101 140 3155 nas;
153 3089 282 3146 conceda
290 3090 378 3148 nobis
386 3107 506 3150 sursum
516 3107 635 3165 semper
643 3090 901 3148 eordahabarmut

66 3175 214 3245 Verbum,
226 3180 306 3252 quod
319 3183 380 3237 Vox
389 3181 489 3239 adbuc
504 3185 583 3238 tanta
591 3179 900 3255 predicantinutero

65 3267 900 3343 paccatoresindultsepietatismunificetdono.namen.

108 3355 171 3413 Per.

101 3443 146 3498 rtd
161 3444 344 3504 Benedictus.
361 3447 711 3518 enttptona.nsnedictio
728 3445 848 3504 Domini
862 3447 894 3502 in

64 3531 236 3589 mercedem
245 3533 315 3605 justi
327 3535 457 3594 festinat.

103 3619 274 3678 Canticum.
294 3623 471 3681 Benedictus
483 3624 660 3682 esDomine.
684 3625 779 3695 soto.

101 3708 190 3766 Sono.
209 3712 276 3768 lisso
288 3711 360 3769 dicit
375 3712 521 3772 Dominus
536 3711 731 3786 :Psiusquam
750 3718 778 3770 te
788 3711 901 3782 torma-

61 3813 131 3855 rem
143 3797 173 3854 in
186 3803 281 3866 utero,
296 3802 367 3858 novi
376 3805 403 3859 te
417 3824 424 3856 ι
438 3806 467 3858 et
476 3805 640 3874 antequam
647 3803 743 3860 exires
751 3801 789 3859 de
798 3800 898 3868 vulsa,

61 3889 95 3943 P.
119 3887 306 3946 sanctificavi
317 3897 354 3947 te.
370 3889 496 3947 Alleluia
509 3908 517 3958 ;
533 3889 565 3952 i.
580 3890 763 3964 Prophetam
777 3903 899 3962 quoque

62 3975 205 4048 gentibus
216 3977 297 4036 dedit
310 3983 355 4036 ts:
380 3982 413 4038 nt
428 3979 532 4037 omnia
547 3994 748 4053 quacumque
774 3977 900 4037 manda·

61 4079 138 4121 vero
154 4064 216 4131 tibi,
237 4065 380 4142 loquaris.
400 4071 441 4126 lte
463 4069 591 4128 timeas:
611 4069 684 4125 Ecca
706 4066 788 4124 dedit
806 4067 901 4124 verba

60 4169 135 4212 mea
147 4153 179 4209 in
192 4170 243 4212 ora
258 4160 309 4214 tuo
323 4177 329 4216 :
344 4161 373 4214 et
383 4157 482 4230 posuit
498 4161 527 4215 te
545 4155 712 4230 principem
722 4170 812 4229 super
825 4169 899 4225 gan·

61 4247 119 4312 tes,
130 4245 159 4298 et
170 4259 259 4317 super
270 4260 374 4316 regna.
389 4247 418 4303 P.
436 4245 625 4304 sanetificavi
640 4252 677 4302 te.

101 4329 186 4406 [ocor]
198 4333 645 4393 menelaudatsnominumds
655 4332 867 4391 cmlisdllaluia
890 4351 897 4390 :

60 4418 182 4477 laudate
193 4437 254 4478 eum
272 4421 304 4479 in
319 4423 443 4481 excelsis
459 4423 591 4482 Alleluia.
612 4423 756 4482 Psatmus
775 4437 899 4503 erasus·

155 4509 249 4568 Lectio
273 4513 346 4571 titre·
355 4514 450 4571 Erote
473 4511 724 4586 Propbetsewop.
739 4512 811 4584 uxr).

102 4609 136 4668 n.
150 4599 211 4656 Deo
224 4601 347 4673 gratias.

103 4685 228 4760 Spiritus
244 4691 361 4748 Domini
386 4705 477 4764 super
489 4705 549 4758 me,
571 4688 796 4764 propterquod
815 4689 901 4747 unxit

62 4791 116 4834 me
129 4793 136 4831 :
151 4776 191 4834 ad
201 4777 451 4838 adnunciandum
467 4777 829 4846 mansuetismisitms‚ut
841 4793 901 4834 me-

62 4871 154 4929 derer
169 4867 303 4925 contritis
317 4867 450 4935 sordeat
462 4868 658 4942 predicarem
668 4867 792 4940 captivis
803 4866 901 4924 indul.

65 4956 213 5028 gentiam,
224 4960 253 5011 et
263 4957 373 5014 clausis
383 4957 570 5030 apertionem
582 4973 589 5013 t
603 4961 636 5013 nt
649 4955 902 5032 praedioaraman·

61 5063 137 5106 num
146 5044 325 5118 placabilem
333 5045 499 5116 Domino,et
509 5047 582 5104 diem
589 5045 710 5103 ultionis
718 5045 898 5103 Deonostro:

65 5142 99 5196 ot
111 5134 581 5209 consolareromnsslugenteszut
588 5149 726 5208 ponerem
733 5131 900 5206 lugentibus

64 5223 214 5298 gaudium
225 5223 255 5306 ip
266 5225 336 5283 Sion
347 5241 354 5294 ;
364 5228 393 5282 et
404 5225 507 5283 darem
521 5226 564 5282 eis
575 5237 720 5282 coronam
730 5221 899 5296 procidere,

61 5315 169 5372 oleum
176 5313 340 5387 gaudiipro
357 5313 450 5384 luctu,
466 5312 593 5388 pallium
615 5311 713 5370 laudis
723 5325 779 5384 pro
795 5309 900 5384 spiritu

61 5401 249 5464 memoriast
265 5401 457 5460 vocabuntur
473 5403 503 5458 in
519 5401 654 5459 ealortes
669 5398 804 5473 iustitie,
815 5399 900 5473 plan·

64 5492 143 5554 tatio
156 5491 274 5550 Domini
281 5491 321 5550 ad
327 5490 569 5571 glorificandum.
584 5489 785 5563 Etdaboopus
794 5503 899 5546 eorum

1306 786 1453 859 Hyrnnns.

1129 874 1239 947 Glangs
1249 875 1342 949 lyram
1356 877 1514 934 Zacharias

1094 965 1290 1023 Sacerdotem
1305 966 1458 1040 Princeps,

1092 1054 1145 1111 Cui
1155 1053 1296 1127 copulata
1307 1055 1445 1127 conjunx

1089 1141 1136 1200 Ab
1150 1145 1248 1201 Aaron
1262 1142 1383 1200 filiabus

1090 1231 1301 1289 'thalamorum
1311 1232 1479 1290 inhaerebat

1089 1318 1182 1376 Solita
1194 1320 1384 1392 prenuntiis.

1125 1405 1269 1479 Operibus
1290 1406 1457 1465 sanctiores

1089 1495 1307 1569 Praepollebant
1320 1495 1425 1553 ceteris
1438 1513 1446 1565 ;

1089 1584 1132 1641 Ac
1146 1584 1279 1657 synceris
1293 1584 1325 1641 in
1337 1584 1488 1642 mandatis

1089 1671 1271 1729 incedebant
1286 1671 1416 1740 Domini,

1088 1762 1130 1831 Et,
1144 1759 1225 1817 nulla
1233 1760 1317 1834 prole
1329 1761 1456 1834 conlata,

1085 1848 1253 1920 Pargsbant
1265 1849 1304 1907 ad
1319 1850 1448 1907 senium.

1127 1940 1193 1995 llox
1205 1937 1286 1995 anim
1294 1938 1370 1996 hora
1382 1938 1498 1997 refulsit

1085 2030 1277 2083 lncensorum
1290 2032 1434 2101 tempore,

1085 2116 1208 2173 Suetum
1223 2114 1360 2185 gestabat
1372 2121 1456 2174 vates

1085 2204 1187 2275 ignem
1196 2204 1227 2260 in
1235 2204 1393 2263 thuribulis

1079 2292 1176 2349 Sacris
1189 2291 1326 2349 deierans
1340 2292 1466 2351 odorem

1079 2384 1252 2439 Neotareum
1267 2381 1361 2439 atriis.

1117 2470 1340 2529 Auditooslestis
1354 2470 1489 2538 astatum,

1082 2562 1116 2617 Et
1130 2574 1275 2617 sonorum
1289 2558 1448 2626 Nonoium,

1080 2647 1171 2720 Cujus
1186 2648 1315 2705 candore
1327 2647 1465 2721 praeviso,

1072 2738 1194 2793 Tremor
1211 2740 1311 2792 vatem
1328 2735 1430 2801 inruit,

1069 2824 1164 2891 Quem
1178 2822 1298 2880 blandis
1309 2822 1507 2881 robustiorem

1075 2911 1214 2969 Reddidit
1226 2910 1426 2969 sermonibus.

1116 3002 1190 3059 Ecca
1197 3002 1302 3073 juncta
1319 3000 1439 3057 thorum
1453 3000 1506 3059 tibi

1072 3091 1210 3164 conjunx
1218 3091 1296 3166 parit
1314 3090 1471 3160 sobolem

1074 3182 1172 3248 Quam
1185 3179 1322 3253 protinus
1341 3180 1532 3254 nuncupabis

1079 3270 1241 3326 JOANNEM
1253 3267 1400 3324 vocabulo
1414 3283 1421 3323 :

1072 3358 1164 3430 Cujus
1179 3360 1275 3413 totum
1293 3355 1478 3428 praedicatur

1081 3443 1137 3502 Per
1149 3444 1259 3502 Orbem
1269 3445 1419 3502 Nativitas.

1113 3533 1166 3590 llio
1178 3547 1282 3590 coram
1297 3531 1426 3589 Domino
1441 3531 1568 3605 Magnus

1078 3622 1177 3681 lintris
1192 3620 1269 3678 inira
1279 3625 1397 3678 uterum

1075 3709 1215 3785 llsplatus
1224 3708 1336 3783 Spiritu
1351 3710 1472 3777 Sancto,

1078 3799 1287 3856 Praecursmus
1300 3797 1400 3856 ilelim.

1078 3889 1112 3943 ln
1123 3887 1240 3954 virtute,
1257 3886 1425 3960 spirituque

1078 3976 1289 4033 promissurus
1305 3976 1475 4050 Dominum,

1114 4065 1202 4132 Talia,
1221 4067 1331 4133 Sacar;
1347 4071 1479 4124 econtra

1079 4153 1126 4213 Sic
1136 4153 1290 4227 respondit
1298 4154 1412 4225 angelo
1424 4172 1432 4211 :

1077 4243 1151 4300 Ecce
1160 4243 1226 4314 jam
1238 4249 1340 4300 nostra
1349 4243 1407 4300 sub
1421 4243 1509 4300 annis

1075 4333 1291 4388 Emarcuerunt
1302 4331 1419 4389 viscera
1433 4348 1440 4386 r

1079 4422 1121 4476 Aa
1132 4420 1237 4477 vetulis
1251 4420 1415 4492 denegatur

1080 4509 1220 4566 Sensibus
1230 4509 1398 4582 posteritas.

1114 4599 1177 4668 ligo
1195 4613 1263 4654 sum
1273 4597 1382 4655 missus
1392 4597 1432 4657 ab
1441 4599 1534 4656 astris

1077 4683 1261 4757 Angelorum
1272 4685 1385 4744 socius:

1079 4777 1112 4832 Et
1128 4779 1160 4831 tu
1173 4775 1285 4832 Divinis
1299 4776 1409 4833 videris

1079 4862 1239 4937 Praeceptis
1257 4864 1442 4934 incredulos,

1074 4953 1196 5025 Propter
1209 4953 1293 5027 quod
1306 4968 1413 5011 carens
1430 4950 1554 5025 loquela

1076 5042 1140 5099 Eris
1157 5047 1260 5099 tacens
1270 5041 1370 5100 labiis.

1114 5130 1311 5206 Temporibus
1321 5131 1387 5204 jam
1397 5127 1564 5204 completis,

1078 5220 1278 5278 Natosinians
1298 5220 1428 5278 cernitur

1079 5306 1170 5378 Cujus
1181 5323 1293 5366 noman
1304 5307 1486 5381 prenotavit

1079 5399 1163 5454 Pater
1171 5396 1203 5453 in
1216 5397 1371 5455 volumine
1386 5416 1393 5466 ς

1078 5485 1203 5544 ldnculo
1218 5486 1318 5546 soluto
1329 5486 1442 5559 linguas
