4117 6175
194 233 246 289 tar
832 226 1057 289 aestuatum
1075 224 1272 285 corniculi.
1842 220 1895 277 tae

194 360 223 416 te
235 356 286 415 hic
300 373 393 419 orans
406 354 638 417 Dominum.Pro
652 370 747 429 puero
758 357 815 415 isto
825 357 918 421 oravi,
930 359 959 414 et
972 353 1022 410 de·
1039 353 1064 408 Α
1114 350 1320 407 paternoster.
1335 354 1361 406 a
1376 349 1457 408 malo
1472 363 1529 405 nos
1543 346 1646 413 libera,
1663 347 1716 403 eto.

195 444 319 503 ditmihi
326 446 467 504 Dominus
476 443 648 517 petitionem
659 441 1022 518 meamquampostulari
1111 437 1219 495 lauda.
1235 439 1367 495 Lucerna
1381 436 1510 511 pedibus
1522 434 1583 493 mei
1596 433 1722 492 verbum
1737 436 1833 499 tuum,
1847 435 1903 493 Do·

195 549 276 591 eum.
292 534 403 590 ldcirco
413 531 603 589 commodavi
614 545 684 589 eum
694 532 954 603 Domino,cunotis
963 531 1024 586 dle·
1077 527 1169 585 mine.
1188 526 1219 586 t.
1236 525 1269 583 lit
1283 526 1386 583 lumen
1410 525 1522 583 semitis
1537 524 1625 590 meis,
1654 526 1731 579 Deus
1756 537 1856 580 meus.
1870 524 1901 580 P.

195 622 253 678 bus
263 619 871 694 quibustueritaccomodatusDominoht
884 617 1023 678 adoravit
1076 613 1190 681 iuravi,
1207 617 1235 671 et
1248 614 1337 671 stetui
1355 615 1503 673 custodire
1513 612 1627 685 judicie
1636 609 1763 684 iustitiae
1777 616 1846 667 tuae.

195 708 238 766 ibi
249 707 454 765 Dominumlit
465 708 561 764 oravit
579 712 674 775 Anna,
691 712 719 765 et
729 710 770 766 ait
785 725 792 764 ι
809 708 957 766 lixultavit
971 720 1023 763 cor
1113 703 1222 759 Oratio.
1239 704 1351 760 Lumen
1366 707 1462 773 tuum,
1476 701 1613 769 Domine,
1628 700 1703 771 legis
1730 704 1788 757 tuae
1812 699 1902 756 nobis

195 810 296 852 meum
309 794 341 850 in
355 795 492 867 Domino,
505 800 535 851 et
559 796 723 853 exaltatum
738 802 784 857 est
809 810 977 855 cormeum
991 794 1022 850 in
1076 790 1238 862 agitatione
1247 790 1371 847 ostende
1383 810 1391 850 ι
1405 795 1437 850 ut
1450 807 1469 849 a
1480 788 1730 848 lubriciscasibus
1746 792 1797 845 tuo
1810 787 1902 858 iuva-

194 883 254 939 Deo
270 880 393 939 salutari
415 898 495 940 meo.
508 883 592 956 (Cup.
604 887 645 958 u.)
660 887 694 943 lit
709 885 782 943 abiit
793 886 904 945 lilcane
919 885 951 940 iu
964 885 1021 939 Re·
1077 880 1157 937 mine
1184 878 1351 949 erigemur;
1378 884 1412 937 ut
1430 879 1543 939 alacres
1556 877 1588 935 in
1609 882 1661 935 tuo
1678 877 1764 948 201
1789 875 1904 933 lumine

193 970 308 1035 matha,
320 969 427 1027 mbem
440 987 527 1029 suam
540 986 546 1025 ε
561 986 636 1045 puer
649 979 750 1031 autem
765 973 886 1032 Samuel
899 969 1021 1029 eratmi·
1076 969 1117 1027 ad
1126 968 1274 1027 destinata
1286 967 1458 1027 eternitatis
1473 972 1532 1027 tuas
1546 966 1900 1041 gaudialestinemus.1p.

193 1057 286 1115 nister
298 1058 330 1115 in
347 1066 510 1132 conspectu
518 1061 636 1118 Domini
647 1067 715 1120 ante
729 1063 838 1121 taciem
853 1060 914 1119 Deli
927 1074 1024 1118 sacer·
1076 1058 1182 1114 lmen.

194 1145 285 1205 dotis.
300 1148 391 1205 Porro
402 1147 455 1204 tilii
469 1148 541 1218 Deli,
554 1149 609 1206 lilii
624 1151 723 1222 Bahal,
739 1152 904 1209 nescientes
922 1147 1023 1208 Domi·
1114 1149 1176 1205 Per.

195 1250 382 1309 nummoque
394 1234 530 1293 cilicium
544 1238 736 1298 secerdotum
749 1239 789 1296 ad
800 1237 961 1312 populum:
970 1234 1025 1293 sed
1386 1236 1434 1295 Ad
1460 1234 1600 1292 Tertium.

197 1322 378 1397 quicumque
393 1322 890 1393 immolassetvictimam,veniebat
896 1340 972 1398 puer
978 1340 1024 1383 sa·
1171 1326 1398 1387 Procerbtorum
1413 1323 1578 1383 Salomonis
1588 1320 1678 1393 (Gap.
1688 1318 1807 1389 xxrrir.)

196 1412 334 1479 cerdotis,
354 1411 429 1469 dum
449 1417 648 1485 coquerentur
661 1428 775 1482 cernes,
791 1416 820 1471 et
833 1412 966 1470 habebat
979 1411 1024 1469 ιιι-
1113 1425 1145 1486 p.
1162 1416 1222 1473 Deo
1233 1416 1353 1487 gratias.

196 1498 343 1556 scinulam
362 1498 519 1557 tridentem
530 1500 562 1557 in
572 1516 666 1558 manu
684 1518 749 1571 sua,
768 1505 796 1560 et
809 1499 944 1558 mittebat
954 1513 1024 1557 eam
1115 1502 1235 1576 Filiqui
1249 1502 1303 1561 dat
1314 1498 1450 1575 pauperi,
1461 1513 1524 1557 non
1535 1496 1701 1568 indigebits
1713 1496 1764 1570 qui
1778 1496 1907 1571 despicit

195 1587 227 1644 in
241 1585 379 1655 lebetem,
407 1586 453 1644 vel
470 1587 503 1644 iu
516 1588 691 1655 caldariam,
709 1592 762 1647 aut
788 1590 820 1645 in
842 1587 944 1653 ollem,
961 1585 1024 1643 sive
1079 1585 1711 1663 deprecantem‚sustinehitpenuriam.Cum
1723 1585 1909 1642 surrexerint

196 1674 345 1733 cacabum
356 1696 363 1732 r
376 1677 406 1732 et
414 1689 505 1734 omne
514 1676 596 1750 quod
608 1677 728 1735 levabat
739 1676 895 1748 fuscinula,
904 1674 1025 1732 tollebat
1038 1693 1063 1751 g
1079 1677 1173 1751 impii,
1190 1676 1412 1735 abscondentur
1425 1674 1564 1733 homines
1578 1691 1585 1729 :
1598 1688 1671 1731 oum
1687 1670 1728 1729 illi
1749 1672 1906 1744 perierint,

197 1761 339 1820 sacerdos
347 1760 403 1829 sibi
415 1779 423 1818 ι
439 1764 482 1820 sic
497 1779 619 1837 quoque
633 1765 762 1823 faciebat
775 1765 916 1823 universo
925 1762 1026 1820 israeli
1080 1764 1355 1837 multiplicabuntur
1364 1762 1446 1836 justi.
1457 1760 1547 1834 (Cup.
1560 1760 1654 1830 xxix).
1666 1758 1799 1831 Viro,qui
1810 1758 1909 1815 corri-

197 1850 380 1909 renieutium
393 1850 425 1908 in
441 1851 777 1927 Silolttiamantequam
791 1853 947 1911 adolerent
960 1850 1023 1908 adi·
1079 1854 1208 1926 piantem
1222 1851 1300 1909 dura
1310 1850 1423 1909 cervice
1438 1848 1609 1917 contemnit,
1629 1844 1801 1919 repentinas
1815 1860 1908 1919 super

196 1952 278 2011 pem,
293 1937 442 1996 'veniebat
456 1954 531 2011 puer
553 1941 725 2013 sacerdotis,
742 1946 772 1998 et
786 1939 905 1998 dicebat
919 1940 1025 1996 immo
1078 1956 1149 1997 eum
1162 1940 1260 1998 veniet
1268 1940 1403 1997 interitus
1417 1954 1424 1992 :
1440 1940 1469 1994 et
1478 1934 1669 1993 cumsanitas
1680 1947 1743 1992 non
1756 1938 1905 2005 sequetur.

196 2025 270 2085 lauti
283 2042 290 2081 :
302 2029 345 2083 Da
354 2027 428 2085 mihi
441 2042 563 2085 earnem
575 2032 625 2097 ;ut
638 2044 768 2103 coquam
783 2029 933 2087 sacerdoti
947 2042 1025 2085 :non
1079 2031 1111 2085 ln
1129 2028 1376 2101 multiplicatione
1382 2026 1535 2098 justorum
1543 2022 1690 2080 letabitur
1697 2020 1821 2093 vulgus:
1835 2036 1907 2079 cum

198 2115 278 2172 enim
292 2114 437 2188 accipiam
452 2131 471 2174 a
493 2120 522 2173 te
536 2133 658 2177 carnem
670 2122 798 2184 coctam,
822 2116 875 2175 sed
887 2117 1023 2175 crudam.
1079 2116 1163 2189 impii
1178 2116 1361 2191 sumpserint
1375 2114 1585 2188 principatum,
1597 2110 1836 2184 gemitpopulus.
1845 2110 1905 2178 Vir,

198 2202 320 2260 Dicebat
343 2219 464 2277 quoque
481 2205 643 2263 immolans
657 2223 664 2261 :
678 2205 867 2263 accendetur
891 2204 1026 2277 primum
1079 2204 1129 2278 qui
1143 2209 1226 2263 amat
1239 2204 1427 2277 sapientiam,
1450 2200 1581 2259 leatificat
1592 2202 1709 2272 patrem
1730 2213 1836 2255 suums
1853 2198 1908 2271 qui

198 2292 282 2364 juxte
294 2307 410 2353 rnorem
420 2294 523 2368 adeps,
534 2300 564 2352 et
577 2295 645 2353 tolle
656 2296 707 2353 tihi
717 2300 866 2375 quantum
876 2294 1027 2352 desiderat
1080 2286 1798 2362 autemnutritscortum,perdetsubstantiamller
1806 2285 1908 2357 iustus

201 2382 304 2439 anima
316 2382 437 2447 taedai
446 2383 634 2457 respondens
643 2384 744 2442 aiebat
753 2385 780 2441 ei
790 2404 798 2441 ι
808 2388 1022 2458 Nequaquam:
1080 2380 1165 2452 erigit
1179 2386 1298 2451 terram,
1309 2380 1354 2435 vir·
1370 2392 1478 2436 avarus
1491 2375 1616 2433 destruit
1625 2390 1702 2432 eam.
1720 2376 1813 2431 Domo
1824 2372 1906 2431 blan·

199 2469 333 2527 sioenim
347 2470 447 2544 dahis,
457 2472 591 2545 alioquin
601 2472 704 2531 tollam
716 2473 757 2532 vi.
767 2475 836 2530 Erat
846 2476 945 2530 autem
959 2486 1026 2545 pec-
1080 2468 1202 2543 dus‚qui
1211 2466 1401 2525 sermonibus
1409 2465 1540 2539 loquitur
1546 2462 1645 2522 amico
1652 2480 1718 2534 suo,
1725 2467 1787 2520 rete
1796 2478 1908 2536 expan-

200 2561 473 2632 catumpuerorum
481 2560 800 2631 grandenimiscoram
809 2561 946 2618 Domino:
955 2559 1028 2632 quia
1081 2552 1637 2630 dit'gressibusejus.Peccantemsirum
1645 2551 1776 2623 iniquum
1786 2549 1910 2607 involvit

198 2646 391 2704 retrahebant
416 2647 586 2705 hominess
600 2648 747 2706 sacrificio
760 2647 888 2706 Domini.
908 2646 1029 2706 Samuel
1080 2639 1908 2718 laqueus:etjustuslaudabit,atquegaudebitlhdmeu.

200 2737 300 2790 eutem
317 2733 506 2793 ministrabat
516 2736 547 2792 in
563 2742 727 2809 conspectu
741 2736 872 2808 Domini,
884 2750 959 2809 puer
971 2750 1027 2794 eu·
1148 2734 1248 2791 Lectio
1268 2732 1340 2791 tiort
1355 2731 1502 2791 Samuelis
1516 2730 1621 2803 (Primi
1636 2729 1704 2801 ileo.
1725 2730 1843 2801 cupa).

198 2825 259 2877 tem
272 2821 424 2880 accinctus
438 2823 633 2897 ephodlineo.
651 2827 686 2881 lit
700 2824 834 2883 tunicam
843 2839 973 2897 parvam
982 2825 1028 2882 te·
1118 2832 1150 2893 p.
1166 2823 1227 2878 Deo
1242 2820 1363 2893 gratias.

199 2907 299 2966 ciebat
312 2909 340 2967 ei
349 2915 445 2968 mater
457 2928 522 2979 sua,
537 2928 631 2985 quem
645 2912 792 2970 offerebat
800 2914 826 2969 ei
838 2915 954 2971 statutis
968 2912 1029 2969 die
1118 2908 1336 2966 lnillisdiebus
1353 2925 1360 2964 :
1375 2906 1517 2965 Venitrir
1530 2906 1581 2964 Dei
1601 2905 1641 2962 ad
1656 2904 1727 2976 lleli,
1752 2908 1781 2961 et
1799 2904 1841 2962 eit
1872 2903 1912 2961 ad

198 2995 1065 3096 bus,escendenscumsirosuo,utimmolarenthostiamC
1083 3014 1153 3057 eum
1165 3016 1172 3055 :
1183 3000 1249 3055 lioec
1263 2994 1654 3068 dioitDominuszdumquid
1676 3008 1737 3051 non
1753 2997 1911 3067 opertere-

199 3081 374 3142 solemnem.
401 3089 436 3144 lit
445 3085 598 3144 benedixit
618 3088 679 3146 Deli
689 3089 806 3146 lilcenae
820 3094 850 3147 et
860 3091 947 3147 uxori
961 3092 1027 3163 ejus
1082 3089 1196 3146 velatus
1210 3103 1277 3144 sum
1287 3085 1391 3144 domui
1404 3084 1496 3159 petris
1507 3084 1562 3156 tui,
1568 3099 1638 3142 oum
1650 3088 1728 3141 esset
1741 3082 1772 3140 in
1781 3082 1911 3156 AEgypto

197 3171 291 3228 Anne
304 3190 311 3232 :
325 3172 476 3246 dixitque:
501 3174 619 3234 Reddat
642 3176 694 3233 tibi
708 3178 853 3235 Dominus
872 3194 976 3236 semen
989 3179 1027 3237 de
1081 3177 1112 3234 in
1120 3176 1212 3233 domo
1223 3173 1452 3234 Pharaonistlit
1461 3174 1534 3244 elegi
1543 3188 1654 3231 eumer
1661 3171 1804 3230 omnibus
1814 3171 1912 3228 trihu·
2030 3173 2033 3180 '

198 3258 324 3318 muliere
332 3261 458 3336 haspro
467 3261 581 3320 loenore
591 3263 675 3336 quod
681 3265 881 3322 commodasti
888 3267 1024 3333 nomino.
1081 3265 1140 3323 bus
1155 3263 1328 3322 lsraelmihl
1339 3263 1369 3319 in
1382 3263 1614 3335 sacerdotem,ut
1625 3260 1801 3319 ascenderet
1812 3259 1852 3318 ad
1866 3259 1912 3316 el·

197 3349 232 3405 lit
244 3348 384 3408 abierunt
395 3350 425 3408 in
436 3350 538 3409 locum
552 3352 789 3411 suumllisitarit
798 3367 870 3424 ergo
881 3355 1027 3412 Dominus
1081 3359 1143 3412 tare
1162 3366 1277 3423 meum,
1292 3355 1320 3408 et
1331 3351 1465 3408 adoleret
1476 3351 1550 3408 mihi
1564 3351 1763 3418 mecummet
1777 3351 1914 3421 portaret

198 3443 328 3505 aunem,
354 3443 383 3497 et
394 3439 540 3512 concepit,
555 3445 586 3498 et
614 3441 730 3515 peperit
743 3446 803 3499 tres
816 3440 937 3508 filios,et
950 3443 1028 3502 duas
1081 3441 1179 3515 ephod
1188 3456 1291 3498 coram
1301 3456 1364 3497 me:
1375 3439 1482 3496 etdedi
1492 3439 1597 3498 domui
1607 3438 1748 3514 petristui
1761 3436 1912 3496 omniade

198 3522 326 3582 filiesret
339 3528 551 3598 magnificatus
557 3532 600 3586 est
610 3544 686 3603 puer
694 3530 813 3588 Samuel
824 3531 908 3604 apud
920 3531 1027 3590 Deum.
1081 3526 1364 3586 sacrificiisfiliorum
1373 3527 1658 3595 lsraelouarecelce
1666 3525 1817 3599 abjecistis
1827 3525 1911 3583 victi·

200 3611 263 3668 ileli
278 3617 379 3671 eutem
389 3622 453 3675 eret
462 3633 556 3675 senex
570 3619 667 3691 valde,
680 3624 708 3677 et
717 3619 832 3677 audivit
845 3621 1027 3695 omniaque
1079 3631 1164 3675 mem
1178 3631 1284 3685 meam,
1297 3620 1326 3673 et
1336 3631 1463 3675 munera
1480 3633 1550 3676 mea
1559 3633 1629 3690 quae
1638 3615 1768 3689 precepi
1781 3613 1913 3672 utolier-

199 3696 349 3757 faciehant
362 3701 413 3760 filii
428 3705 475 3761 sui
484 3707 626 3764 universo
635 3707 748 3766 israeli:
759 3708 1027 3782 etquomododor·
1080 3709 1183 3764 rentur
1197 3706 1228 3763 in
1242 3705 1375 3779 templo:
1389 3711 1419 3763 et
1432 3705 1530 3778 magis
1558 3705 1712 3763 honorasti
1734 3703 1812 3761 lilios
1837 3707 1909 3762 tuos

199 3786 915 3868 miebantcummulierihusqureohserrebanted
922 3799 1028 3856 ostium
1080 3809 1174 3868 quam
1190 3798 1284 3866 me,ut
1298 3794 1493 3852 comederetis
1503 3793 1755 3867 primitiasomnis
1771 3792 1911 3852 sacrificii

198 3873 396 3936 tabernaculi:
408 3884 436 3937 el
450 3880 523 3938 dixit
530 3882 592 3941 eis:
609 3887 706 3952 Quare
716 3885 816 3944 tacitis
832 3902 881 3943 res
891 3888 1027 3960 huiusce·
1080 3882 1185 3957 populi
1196 3884 1280 3941 mei?
1294 3887 1453 3956 Propterea
1467 3883 1508 3940 eit
1533 3882 1679 3940 Dominus
1702 3885 1780 3938 Deus
1799 3881 1909 3938 lsrael:

197 3963 291 4031 modi,
305 3982 382 4040 ques
396 3983 452 4041 ego
464 3970 564 4040 audio,
580 3987 628 4029 res
653 3975 810 4048 pessimas,
827 3975 867 4033 ab
890 3977 974 4034 omni
988 3979 1027 4034 ls·
1082 3973 1220 4045 Loquens
1230 3971 1345 4030 locutus
1356 3971 1584 4042 sum,utdomus
1594 3974 1688 4043 tua,et
1697 3969 1808 4029 domm
1815 3971 1911 4042 patris

198 4056 370 4117 raeltrtolite
381 4056 480 4116 tiliimi
492 4075 574 4117 snon
586 4061 815 4121 enimestbona
826 4063 1026 4139 famaquam
1081 4060 1133 4129 tui,
1145 4061 1327 4119 ministraret
1345 4076 1375 4118 ru
1402 4066 1564 4134 conspectu
1578 4075 1658 4128 meo,
1674 4074 1772 4133 usque
1796 4059 1910 4132 sempi-

199 4163 256 4221 ego
265 4146 365 4217 audio,
373 4151 407 4206 ut
420 4149 591 4221 transgredi
603 4148 721 4208 facietis
736 4151 884 4225 populum
895 4153 1025 4227 Domini,
1080 4155 1210 4208 ternum.
1238 4154 1321 4208 Nune
1333 4153 1436 4208 autem
1454 4149 1525 4207 dicit
1536 4149 1700 4208 Dominus:
1716 4149 1801 4206 Absit
1812 4149 1870 4207 hoo
1890 4166 1911 4208 a

200 4237 231 4296 Si
242 4236 407 4310 peccaverit
419 4236 466 4293 vir
489 4237 521 4294 in
538 4237 646 4304 virum,
661 4239 781 4313 placare
793 4241 836 4297 eis
852 4243 960 4314 poterit
971 4243 1027 4300 Do·
1080 4254 1148 4297 me:
1163 4239 1403 4314 sedquicumque
1411 4239 1652 4298 honorificaverit
1660 4253 1718 4309 me,
1733 4237 1911 4310 glorificabo

199 4324 302 4383 minus
316 4341 324 4382 ι
337 4324 362 4381 si
375 4329 476 4384 autem
488 4325 520 4382 iu
531 4327 693 4385 Dominum
707 4329 1028 4405 peccaveritquisora-
1080 4343 1167 4385 eum:
1180 4327 1233 4401 qui
1248 4331 1350 4385 autem
1362 4333 1559 4386 contemnunt
1578 4343 1637 4393 me,
1649 4330 1735 4384 erunt
1748 4326 1909 4399 ignobiles.

199 4413 307 4487 hitpro
317 4415 402 4472 eo‘lDt
414 4429 476 4472 nou
487 4415 759 4474 audieruntvocem
769 4417 863 4491 patris
873 4419 938 4476 sui:
954 4420 1027 4493 quia
1041 4383 1065 4440 D
1079 4416 1224 4474 liccedies
1235 4415 1369 4486 veniunt,
1381 4421 1410 4474 et
1425 4417 1590 4490 precidem
1599 4417 1758 4474 brachium
1768 4421 1863 4484 tuum,
1879 4421 1912 4474 et

200 4503 293 4560 voluit
306 4502 451 4561 Dominus
474 4503 608 4561 occidere
627 4518 689 4561 eos.
706 4504 784 4562 Puer
794 4511 895 4563 autem
907 4509 1027 4565 Samuel
1078 4504 1232 4563 brachium
1242 4505 1347 4562 domus
1354 4506 1446 4578 patris
1455 4506 1542 4573 tui,et
1551 4521 1612 4562 nou
1621 4505 1674 4563 erit
1681 4505 1811 4561 senexin
1818 4505 1910 4564 domo

199 4590 385 4665 proficiebat,
395 4593 486 4664 atque
500 4592 664 4663 crescebat,
679 4595 708 4650 et
729 4593 870 4666 placebat
887 4599 950 4652 tem
965 4599 1025 4654 Deo
1080 4598 1141 4652 tua.
1152 4595 1184 4650 lit
1194 4593 1305 4652 videbis
1325 4595 1468 4652 aemulum
1481 4599 1568 4652 tuum
1580 4594 1611 4651 in
1620 4592 1777 4667 templo,in
1790 4593 1912 4652 uuiver-

200 4679 486 4754 quamhominibus.
498 4691 531 4752 D·
546 4684 651 4738 Amen.
1080 4683 1119 4740 sis
1134 4683 1285 4755 prosperis
1300 4683 1406 4753 lsrael;
1418 4687 1446 4742 et
1459 4697 1522 4741 non
1532 4683 1587 4740 erit
1600 4698 1691 4741 senex
1703 4682 1735 4740 iu
1749 4681 1840 4740 domo
1855 4687 1912 4742 tue

236 4770 383 4842 Hymnus.
401 4769 500 4826 Noctis
514 4775 634 4844 tempus
643 4770 709 4842 jam
721 4771 864 4844 preterit.
882 4773 939 4844 tot.
954 4775 1020 4832 itti.
1079 4771 1221 4829 omuibus
1235 4771 1352 4829 diebus.
1373 4775 1582 4830 Verumtamen
1596 4787 1659 4830 non
1673 4769 1808 4830 auferam
1832 4786 1866 4828 ex
1879 4775 1911 4829 te

240 4855 507 4928 cemtstediuera
520 4871 577 4915 uos
593 4858 1026 4934 Domiueelebiisiniquis,eta
1079 4860 1199 4932 penitus
1225 4859 1325 4918 virum
1346 4859 1385 4918 ab
1404 4860 1492 4918 altari
1520 4876 1589 4918 meo
1610 4859 1687 4918 :sed
1709 4863 1743 4918 ut
1770 4859 1912 4917 deficiant

202 4942 518 5020 linguamaguiloque,
534 4946 625 5019 quiin
640 4947 739 5004 Crucis
749 4963 901 5021 appensus
911 4954 955 5006 est
969 4955 1027 5008 sta.
1079 4948 1158 5007 oculi
1172 4949 1256 5017 tui,et
1266 4950 1401 5008 tabescet
1411 4950 1571 5008 animatue
1586 4969 1591 5010 :
1604 4955 1631 5005 et
1643 4963 1715 5021 pars
1729 4964 1842 5020 magna
1854 4948 1911 5006 do·

200 5036 266 5090 tera
279 5048 287 5089 t
302 5036 332 5090 et
345 5039 464 5104 praesta,
482 5041 515 5091 ut
533 5049 589 5093 neo
606 5036 773 5094 accusatori
787 5037 949 5096 accusandi
962 5038 1026 5096 adi·
1080 5057 1148 5098 mus
1158 5045 1217 5098 tuae
1226 5043 1450 5110 morietur,cum
1458 5042 1497 5098 ad
1509 5041 1625 5098 virilem
1632 5045 1752 5098 eutem
1759 5039 1909 5098 venerint.

201 5125 250 5180 tus
267 5124 379 5196 pateat,
392 5137 448 5180 nec
461 5123 547 5196 plebs
560 5130 612 5183 tua
624 5127 689 5197 ejus
702 5125 848 5199 decipulis
862 5127 1024 5200 aquiescat,
1081 5133 1141 5188 lioc
1155 5136 1255 5188 eutem
1270 5131 1385 5189 erittibi
1397 5131 1528 5203 siguum,
1552 5130 1635 5203 quod
1654 5135 1815 5188 venturum
1836 5133 1880 5186 est
1900 5147 1908 5188 ι

201 5225 257 5269 nee
275 5212 352 5270 irem
365 5215 451 5269 tuam
465 5214 617 5286 suggestio
631 5215 722 5273 fallax
737 5223 937 5276 commoveat.
969 5218 1027 5277 Sed
1080 5218 1143 5276 duo
1156 5218 1208 5276 lilii
1220 5220 1370 5293 tui,0phui
1382 5224 1411 5276 et
1423 5219 1549 5276 Phineas
1562 5219 1593 5275 in
1608 5218 1657 5276 dia
1668 5233 1730 5275 una
1741 5219 1911 5276 morientur

200 5307 236 5360 tu
246 5302 371 5362 Domine
382 5300 486 5375 ipsum
500 5303 627 5362 humaui
640 5306 757 5375 generis
777 5304 920 5364 callidum
952 5307 1026 5366 insi·
1081 5307 1227 5365 ambolit
1241 5309 1391 5368 suscitabo
1413 5308 1487 5366 mihi
1501 5308 1686 5366 sacerdotem
1706 5307 1837 5378 fidelem,
1852 5306 1911 5380 qul

201 5389 349 5451 dictorem
362 5390 477 5450 Demea
496 5391 600 5450 divina
612 5393 753 5453 concide:
769 5398 799 5453 et
822 5411 878 5468 pro
900 5396 1026 5455 miseriis
1077 5395 1165 5467 juxta
1178 5411 1342 5455 cormeum
1358 5403 1386 5455 et
1397 5399 1533 5457 animam
1548 5413 1649 5456 meam
1663 5395 1769 5454 saciet:
1780 5393 1910 5454 stadili-

203 5495 374 5557 pouperam
385 5481 498 5560 inclyta
505 5481 639 5540 basiate
654 5494 776 5555 exurge.
793 5488 796 5494 ’
1081 5483 1157 5543 cabo
1168 5481 1211 5543 illi
1220 5484 1504 5562 domumfldelsmpt
1513 5486 1781 5546 ambulebltcoram
1789 5483 1908 5546 Christo
