4117 6175
308 270 379 334 tsoe
721 306 726 310 -
929 247 1157 324 menstruis
1176 247 1374 321 edidistis.
1903 257 1951 333 ppt

305 405 368 465 sust
380 388 1176 463 stbmaniosuodstsndltlllos.tmestabuntjustil
1228 385 1312 448 Pater
1324 392 1433 447 noster.
1451 388 1586 447 Liberali.
1604 389 1661 460 fet.
1675 392 1702 448 2.

307 478 1133 556 iumaguamnstsntlsadrarsussosquissangustiare·
1225 479 1334 536 luade.
1349 478 1485 551 Respexit
1494 493 1545 535 eos
1555 485 1624 535 oum
1632 475 1950 558 trlbulsrentur2slstuls;

307 579 387 640 runt,
400 578 430 630 et
443 571 495 646 qui
508 569 697 628 abstulerunt
709 566 828 625 labores
842 567 975 626 illorum.
996 568 1136 625 videntes
1190 568 1222 622 P.
1238 567 1311 624 Cum
1326 567 1479 624 exaudiret
1493 567 1643 626 orationes
1655 579 1762 624 eorum.
1782 569 1890 638 Alleluia,
1902 577 1951 634 ulls-

308 663 511 721 turbabuntur
523 665 632 715 terrore
646 656 789 724 horribili,
804 661 834 714 et
844 657 1034 715 mirabuntur
1044 657 1075 713 in
1087 673 1135 715 su·
1190 655 1260 713 luia.
1276 655 1307 717 il.
1331 659 1364 712 Et
1382 655 1587 714 clamaverunt
1597 654 1669 728 iusti
1695 653 1732 713 sd
1753 659 1886 717 Dominum
1904 679 1951 722 cun

308 752 451 810 bitatione
460 751 618 823 insperatae
626 746 883 812 sniutis‚dieentes
894 747 971 804 iuter
980 761 1023 816 se,
1038 745 1135 820 poeni-
1189 744 1400 802 tribularentur
1414 759 1421 800 :
1437 750 1466 802 et
1487 746 1525 803 de
1540 744 1761 804 necessitalibus
1779 761 1868 806 eornm
1880 749 1953 810 libers·

310 840 574 911 tentiamagentes,
583 840 680 909 elprae
688 835 954 909 angustiaspiritus
962 839 1135 906 gementes:
1189 831 1233 890 vit
1261 848 1323 890 eos.
1346 832 1377 889 P.
1399 834 1472 890 cum
1495 833 1661 891 exaudiret.
1691 833 1721 896 ι.
1741 831 1834 894 Dionis.
1856 838 1882 897 P.
1903 842 1951 898 lun

310 924 848 1004 nisustquosaliqnaudobabulmus
857 925 969 990 inrisu,
977 923 1045 982 etin
1054 923 1138 982 simi·
1195 921 1364 980 exaudiret.

308 1017 467 1076 titudinem
475 1015 659 1090 improperii.
670 1013 729 1071 Nos
744 1013 888 1071 insensati
910 1012 1004 1071 sitem
1016 1012 1139 1074 iliorum
1230 1012 1411 1070 Benedictio.
1427 1011 1533 1070 llerllis
1546 1014 1730 1071 sanctorum.
1744 1011 1797 1085 fol.
1812 1029 1880 1073 mxu.

312 1106 537 1164 adnullamus
559 1104 720 1175 insaniem,
739 1106 768 1160 et
780 1103 873 1161 tinem
880 1101 1001 1160 illorum
1011 1103 1075 1159 sine
1088 1103 1141 1160 ho
1229 1099 1397 1157 innomine
1412 1100 1541 1158 Domini.

311 1209 385 1253 nere
400 1211 409 1253 r
424 1194 581 1269 quomodo
590 1193 755 1265 computati
772 1197 843 1250 sunt
853 1191 932 1250 inter
942 1191 1020 1249 lilios
1033 1191 1095 1261 Dei,
1111 1193 1141 1249 st
1229 1191 1293 1248 Fiet
1302 1191 1546 1248 commemoratio.
1560 1191 1676 1250 Modo.
1701 1190 1744 1248 ιιι
1756 1193 1955 1253 ennuntisndcn.

312 1283 391 1343 inter
405 1289 525 1342 sanctos
535 1299 602 1341 sors
613 1282 734 1339 illorum
744 1282 867 1338 invente
878 1283 934 1338 est.
946 1290 978 1352 ιι.
990 1284 1098 1338 tmen.
1195 1281 1302 1337 oratio.
1317 1283 1400 1338 llsne
1412 1281 1547 1337 Domine.
1561 1282 1621 1351 sol.
1635 1297 1706 1339 curs.

595 1369 691 1444 [cess]
703 1370 855 1439 numam.
1297 1370 1460 1428 osllctltll
1479 1371 1707 1429 PanlllonDs
1724 1369 1891 1430 stannus

452 1461 568 1518 trudes
587 1462 760 1516 sanctorum
780 1459 955 1530 llartyrum,
1450 1475 1577 1524 ousruos
1595 1475 1751 1517 csrrssun.

419 1550 501 1620 Quos
515 1560 602 1606 sacre
616 1546 685 1604 iecit
699 1545 803 1620 passio
1498 1548 1548 1604 sd
1566 1549 1716 1619 vesperus.

419 1637 527 1697 christi
539 1636 709 1694 conformes
724 1635 838 1706 glorie,
1229 1636 1344 1695 Lauda.
1361 1637 1504 1695 Exortum
1517 1641 1571 1694 est.
1588 1638 1647 1710 fol.
1663 1653 1744 1696 cusu.

419 1723 830 1786 Puriscanamnseordlbus:
1157 1739 1178 1798 c
1227 1726 1336 1784 Sonos.
1356 1725 1486 1784 Gaudete
1504 1725 1577 1799 iusti
1591 1726 1623 1784 in
1647 1727 1791 1785 Domino:
1809 1729 1889 1783 rectus
1903 1725 1960 1782 deest

455 1819 537 1883 Quos
549 1814 587 1871 de
599 1813 707 1871 tuturis
717 1812 849 1886 praemiis
1193 1815 1385 1874 collaudatio.
1400 1815 1534 1874 Alleluia.
1548 1815 1580 1878 ι.
1599 1813 1782 1875 confitemini
1792 1811 1896 1874 Domino
1907 1813 1961 1871 inci

418 1905 545 1962 Securos
561 1902 626 1960 coeli
637 1899 758 1968 milites,
1193 1904 1279 1962 thera
1295 1923 1301 1963 :
1315 1903 1346 1961 in
1358 1905 1499 1978 psalterio
1511 1903 1616 1963 decem
1626 1904 1802 1964 chordarum
1811 1899 1904 1978 pssilile
1914 1905 1961 1960 Deo.

419 1997 478 2052 Nec
491 1991 599 2051 mundi
610 1991 705 2049 movit
715 1990 845 2057 vanitas,
1193 1992 1329 2057 Alleluia,
1349 1991 1479 2051 alleluia.

418 2085 478 2142 ileo
487 2085 580 2140 terror
589 2079 677 2152 fregit
688 2078 810 2152 impius.
1228 2081 1373 2139 Dominus
1390 2081 1437 2139 sit.
1454 2093 1485 2154 ιι.
1498 2083 1532 2140 Ei
1546 2096 1626 2141 eum.

454 2173 517 2229 lion
530 2168 678 2227 tenebrosi
687 2183 830 2236 carceres,
1228 2169 1415 2242 Antiphone.
1439 2168 1537 2229 Sancti
1568 2171 1646 2230 sicut
1673 2185 1747 2230 rose
1766 2169 1909 2244 germinent
1929 2183 1964 2240 per

418 2262 500 2318 oum
512 2255 782 2323 cervicisierreum,
1192 2255 1285 2326 diem,
1305 2257 1338 2316 P.
1352 2257 1606 2329 Etvelutgermen
1616 2259 1704 2318 olive
1716 2263 1859 2334 perlotsn
1870 2261 1963 2315 noctem.

417 2350 484 2406 Non
499 2345 636 2412 manicae,
652 2344 700 2401 vel
712 2344 870 2418 compedes
1192 2346 1223 2408 i.
1245 2347 1334 2404 Denta
1349 2361 1433 2418 gens,
1446 2348 1534 2420 cuius
1548 2352 1592 2406 est
1604 2347 1749 2408 Dominus
1768 2349 1838 2405 Deus
1855 2347 1919 2418 sium
1931 2358 1965 2416 po

417 2437 559 2496 flentium
573 2438 729 2493 mutarunt
740 2433 862 2507 gaudia.
1192 2434 1291 2509 putus,
1308 2451 1400 2510 quem
1411 2436 1501 2510 elegit
1512 2436 1544 2494 in
1557 2436 1754 2498 hereditatem
1763 2435 1823 2496 sibi.
1833 2437 1859 2494 P.
1869 2431 1965 2494 strela

452 2525 561 2584 AElerni
572 2523 662 2583 tontis
674 2523 766 2581 silem
1192 2521 1223 2586 it.
1240 2523 1348 2595 Gloria,
1361 2528 1390 2582 et
1407 2525 1511 2583 honor.
1523 2527 1554 2584 P.
1569 2527 1602 2585 iil
1616 2527 1705 2586 reiut.

417 2614 515 2673 semel
532 2612 620 2686 rigati
630 2611 751 2685 poculo,
1228 2611 1374 2692 Dominus
1388 2613 1437 2670 sit.
1454 2615 1486 2686 li.
1503 2615 1535 2672 nt
1549 2629 1629 2672 cum.

417 2704 503 2764 sitim
514 2700 669 2779 praesentis
686 2699 829 2774 temporis
1227 2701 1343 2759 Laudo.
1360 2701 1442 2759 Deeli
1464 2702 1578 2762 mundo
1599 2705 1715 2774 corde;
1738 2707 1767 2762 Ρ.
1786 2702 1910 2770 Quoniam
1928 2693 1966 2770 ipsi

417 2791 623 2866 netrigersbst
639 2789 775 2863 Spiritus.
1191 2792 1286 2848 Deum
1301 2788 1454 2849 videbunt.
1470 2789 1742 2866 Alleluia,alieiuis‚
1758 2790 1872 2850 clatris.
1882 2785 1966 2850 blitt-

452 2885 565 2955 tlegato
579 2894 659 2953 pane
669 2878 784 2946 foedus,
1192 2880 1225 2951 ti,
1239 2879 1292 2955 qui
1310 2879 1481 2937 custodiunt
1490 2879 1652 2952 iudicium,
1667 2886 1696 2940 el
1708 2880 1813 2940 iaciunt
1822 2871 1967 2952 justilmir

417 2971 483 3030 Non
497 2970 609 3028 tamem
629 2967 716 3023 sentit
729 2965 897 3035 sanetites3
1192 2967 1429 3042 omnitempore.
1446 2967 1478 3025 P.
1489 2967 1640 3038 Quoniam
1657 2970 1725 3046 ipsi.
1744 2969 1773 3031 it.
1791 2965 1885 3032 eloris,
1897 2967 1920 3022 et
1933 2961 1967 3018 io

417 3058 499 3128 Quos
512 3055 609 3130 pascit
621 3054 713 3113 serbo
723 3054 810 3113 solito
1153 3092 1174 3149 C
1193 3072 1258 3117 nor.
1273 3059 1304 3115 P.
1318 3055 1479 3127 Quoniam.

416 3146 488 3207 Fide
500 3144 644 3203 bibebant
654 3143 772 3200 uberes.
1227 3148 1373 3219 Dymnus.
1396 3148 1574 3207 Sanctorum
1592 3150 1716 3209 meritis.
1735 3146 1904 3221 supplicetis.
1923 3142 1967 3199 Drs-

453 3233 693 3308 curdisprobato
704 3230 824 3300 robore,
1192 3250 1272 3293 mus.
1279 3237 1338 3308 sel.
1354 3251 1437 3295 cuxu.

416 3326 552 3387 velantes
564 3328 607 3382 tot
618 3320 771 3380 molestias
1227 3324 1380 3396 capitata.
1396 3328 1485 3396 Deus,
1497 3326 1678 3385 Sanctorum
1689 3326 1820 3387 omnium
1829 3318 1969 3397 gloriosoei

416 3417 502 3489 ligor
512 3412 643 3487 suscepit
650 3410 790 3485 publicus
1191 3412 1314 3487 copiose
1332 3412 1549 3483 misericordia,
1575 3416 1687 3474 exaudi
1701 3415 1859 3491 supplicem
1877 3406 1969 3481 tibiple

416 3502 665 3579 tltsmpsrautes
675 3502 826 3573 llartyres.
1190 3502 1800 3578 bemperssnctorumlterlyrumtuorum
1807 3492 1969 3562 dilataui-

452 3594 499 3652 Sie
513 3592 623 3660 Sancti,
638 3605 716 3665 quos
727 3603 790 3651 non
801 3589 952 3661 fregerant
1190 3591 1288 3663 tregia
1301 3591 1519 3666 postulantem:
1532 3602 1603 3666 rege
1617 3604 1677 3653 nos
1688 3605 1742 3671 per
1755 3592 1872 3653 alternas
1889 3594 1969 3657 omps

416 3686 532 3750 carcer,
545 3680 650 3747 temes,
664 3678 833 3747 oluscula,
1189 3681 1388 3751 rumviess,et
1396 3680 1530 3754 dispares
1536 3681 1666 3751 dierum,
1674 3684 1841 3743 aenoelium
1847 3672 1969 3737 successise

415 3772 537 3830 Alacres
548 3766 739 3842 insupplicia
1189 3784 1242 3827 nes
1257 3770 1323 3843 pari
1335 3770 1518 3843 protectione
1529 3772 1647 3829 custodi
1664 3791 1672 3831 ι
1691 3778 1723 3832 ut
1736 3770 1827 3845 adiuti
1838 3768 1968 3827 metum

415 3859 517 3921 nundi
526 3860 659 3919 uicerunt
668 3855 847 3929 Principem.
1188 3857 1412 3934 praecipuorum
1426 3860 1590 3932 llertyrum
1609 3864 1734 3919 tuorum
1748 3862 1784 3920 N.
1796 3862 1827 3917 li.
1848 3854 1967 3933 precibus

451 3950 544 4007 Suum
558 3949 702 4007 factorem
717 3945 880 4003 Dominum
1188 3947 1328 4021 quidiem
1340 3948 1421 4005 hune
1435 3949 1823 4020 permiserioordiamluam
1833 3942 1969 4022 prosperum

416 4038 565 4098 Christum
580 4035 673 4094 seculi
688 4036 842 4109 llsrtyres,
1188 4036 1331 4095 duximus
1346 4040 1614 4111 ;noetemqnoqtte
1623 4036 1705 4097 hanc
1717 4037 1860 4112 placidam
1873 4026 1968 4097 libini

415 4129 485 4188 Post
496 4129 592 4201 ignes,
603 4140 717 4196 cruces,
736 4122 863 4194 gladios
1188 4140 1319 4197 marum,
1333 4130 1537 4197 etcorporum
1551 4126 1681 4199 puritate
1692 4127 1863 4186 ducamus·

415 4215 542 4275 AElernis
553 4209 812 4285 nomntproemiis.
1218 4217 1302 4273 Pater
1316 4218 1424 4273 noster.
1440 4212 1578 4273 libereti-
1596 4215 1656 4287 tol.
1672 4220 1701 4273 2.

449 4308 510 4364 Deo
524 4303 602 4363 Patri
614 4302 653 4359 stt
663 4298 768 4373 gloria,
1221 4303 1401 4361 Benedictio.
1425 4304 1603 4361 Sanctorum
1616 4305 1834 4379 praeeipuorum
1848 4302 1968 4370 lerinum

414 4397 542 4473 Eiusque
553 4392 610 4450 soli
621 4389 702 4461 lilio,
1186 4406 1311 4450 suorum
1319 4392 1399 4451 Ν.Ν.
1414 4406 1471 4448 nos
1485 4391 1627 4449 Dominus
1647 4394 1768 4452 muniat
1790 4382 1969 4466 ιιιιιιοιίιιίοιιε

415 4490 489 4547 cum
498 4482 607 4557 Spiritu
625 4474 781 4544 Peracliio,
1150 4452 1285 4555 Dexpiet
1302 4495 1321 4539 a
1341 4486 1474 4554 peceato.
1498 4490 1531 4554 lp.
1554 4482 1662 4539 Amen.
1686 4481 1807 4539 illorum
1825 4494 1876 4536 nos
1892 4469 1968 4533 slldd

413 4578 447 4633 ln
463 4572 644 4645 sempiterna
656 4563 772 4625 secula.
1186 4568 1400 4641 suffragatione
1409 4569 1509 4628 ielioes
1521 4590 1528 4641 ;
1540 4582 1674 4644 quornm
1689 4569 1796 4645 [cessi]
1812 4582 1884 4626 nnnc
1895 4568 1968 4621 sunl!

449 4669 554 4723 lmen.
1185 4658 1421 4716 solemnitatibus
1436 4659 1645 4733 obsequentes.
1660 4667 1693 4732 ιι.
1717 4660 1820 4716 Amen.
1833 4659 1863 4713 ιιι
1876 4666 1930 4712 cun
1947 4644 1969 4702 il¹

341 4750 689 4829 supplicatio'oremus.
710 4742 767 4816 sol.
786 4756 867 4800 cunt.
1184 4746 1219 4805 lis
1242 4748 1352 4821 pariter
1381 4764 1551 4807 mereamur
1577 4745 1697 4821 ingredi
1726 4748 1850 4817 coelum;
1875 4749 1968 4817 quornm

341 4846 495 4919 capitula,
509 4838 598 4906 Deus,
614 4836 709 4911 quiin
723 4834 860 4893 omnium
874 4838 1048 4899 Sanctorum
1063 4858 1131 4916 pro-
1183 4836 1309 4894 nuncin
1328 4840 1406 4894 terra
1425 4837 1612 4897 celebramus
1633 4836 1830 4911 triumphurn.
1849 4840 1882 4907 li.
1892 4836 1968 4889 Anti·

303 4924 1013 5003 tectionemirabilis,huncdiempraecipuorum
1024 4929 1130 5007 ilurt'y-
1219 4928 1282 4983 Per.

303 5039 374 5084 rum
389 5028 509 5083 luorum
522 5020 554 5078 N
556 5018 602 5077 .Ν.
616 5016 799 5075 consecrasti
818 5034 827 5072 ι
840 5033 1015 5093 quesumus
1025 5024 1128 5093 poten·
1219 5016 1333 5073 macc.
1350 5014 1503 5073 Gaudium
1514 5016 1744 5089 sempiternum.
1759 5006 1816 5089 Iol.
1831 5024 1905 5071 cur.

302 5113 378 5171 tiam
392 5118 477 5171 tuam
490 5128 498 5169 ι
513 5111 543 5168 οι
556 5108 597 5168 da
606 5106 743 5166 lieclesie
757 5107 816 5163 tuse
827 5106 980 5166 catholicae
990 5108 1028 5167 de
1039 5107 1129 5169 tantis
1219 5106 1328 5164 oretid
1342 5104 1431 5173 Deus,
1446 5104 1497 5179 qul
1509 5106 1685 5162 sanctorum
1701 5107 1861 5179 flartyrum
1874 5102 1966 5158 trouu

303 5201 436 5275 gaudere
447 5198 633 5277 principibus
649 5217 656 5256 :
672 5201 706 5252 nt
717 5195 837 5253 illorum
852 5196 938 5273 sequi
956 5214 1127 5258 mereamur
1181 5196 1260 5254 llll.
1276 5194 1387 5253 meritis
1401 5196 1572 5265 agnosceris
1592 5209 1658 5251 esse
1672 5193 1818 5252 mirabilis
1835 5192 1910 5247 testo
1928 5180 1967 5275 pit·

301 5291 353 5366 pia
370 5289 530 5350 devotione
545 5285 729 5350 doctrinam
745 5282 798 5358 qui
815 5277 937 5343 dilectos
954 5286 1006 5345 tibi
1021 5302 1127 5361 greges
1180 5282 1285 5341 esbllis
1299 5282 1473 5341 excessibus
1506 5282 1626 5352 nostris,
1647 5286 1676 5339 et
1695 5281 1852 5341 nmilistor
1863 5278 1891 5335 in
1901 5280 1968 5332 onst·

301 5385 354 5439 tuo
372 5391 449 5453 pane
473 5373 621 5453 paverunt
641 5370 759 5444 :etqui
786 5370 840 5431 libi
862 5372 901 5431 de
925 5375 978 5433 tuo
1002 5389 1126 5434 munere
1179 5372 1238 5429 bus
1252 5372 1429 5445 opportunis
1444 5373 1559 5446 :sitque
1580 5373 1679 5429 honor
1700 5372 1813 5429 virtutis
1827 5376 1890 5434 tua,
1909 5352 1968 5435 qlod

300 5467 488 5541 placuerunt,
500 5478 605 5530 sorum
619 5459 760 5536 precibus
773 5459 883 5534 adjuti,
901 5475 1074 5523 mereamur
1087 5462 1126 5523 de
1179 5459 1329 5535 glorificas
1350 5464 1481 5528 sanctos,
1501 5466 1531 5519 et
1548 5460 1653 5534 gratim
1674 5459 1759 5535 quod
1777 5456 1913 5533 tuslillms
1931 5448 1969 5505 ite

300 5554 500 5628 presentibus
513 5550 660 5627 angustiis
674 5546 806 5609 libsrart.
1178 5549 1258 5624 pios.
1273 5562 1306 5624 lp.
1321 5554 1427 5609 Amen.
