4117 6175
245 146 314 211 tres
863 133 1091 199 elsevleffltttt
1107 134 1304 197 ooteteult.

277 274 363 333 Peter
373 274 483 328 noster.
495 267 651 327 liberetis
664 267 759 326 malo.
781 266 867 340 solet.
1082 262 1106 319 Α
1123 264 1230 321 lusere
1241 262 1359 323 rediens
1371 276 1429 321 exe
1441 260 1591 321 volubili:

278 360 391 419 leude.
408 358 583 416 l'onsoletus
604 360 649 413 est
659 370 833 429 pauperem.
1122 352 1253 411 leudem
1269 352 1388 411 sidereo
1401 352 1495 411 redite
1505 351 1644 427 Principi.

277 448 463 508 Benedictio.
479 447 625 507 Dominus
639 449 724 503 iesus
740 445 881 505 Christus.
896 444 1002 515 Odere
1033 442 1067 501 in
1157 441 1208 501 llio
1219 456 1352 517 nemque
1370 441 1550 516 Hippolytus
1564 446 1693 515 tempore
1707 445 1807 503 terres

250 537 381 611 Vesperis
397 536 643 613 precedentibus.
1121 530 1295 605 Despectus,
1304 531 1395 589 niveo
1405 531 1522 589 scendit
1535 530 1575 589 ed
1588 531 1713 603 ethere,

476 626 511 683 lc
541 629 667 683 aeccle
699 625 836 694 Vespero.
1121 620 1196 677 Cum
1211 620 1330 679 solvens
1347 619 1484 680 onimom
1495 635 1631 693 corpore,
1651 620 1787 681 undem

239 748 242 755 ·
278 717 394 776 Laude
410 715 549 775 Gloriset
562 712 782 771 honoresouo.
798 709 950 785 Dispersit,
964 713 993 767 et
1017 709 1070 767 de·
1123 706 1279 767 Coelestem
1293 707 1402 766 meruit
1417 723 1537 767 sumere
1550 707 1697 767 lauream.

245 806 289 865 dit
301 804 494 881 pauperibus.
512 804 613 872 Quiete
626 802 659 859 in
682 800 808 875 vesperis
819 800 1065 874 precedentibus.
1160 799 1236 855 Dum
1249 795 1313 856 dux
1323 796 1485 870 belligerus
1498 802 1580 855 esset
1592 797 1641 855 hic
1651 799 1794 870 agminis,

282 895 465 965 scriptoria.
480 893 635 964 Ingressus
650 906 718 951 eum
732 889 765 948 in
776 886 998 949 tubernaculum
1010 888 1071 945 Ce-
1122 886 1217 945 iussis
1229 886 1373 947 eesueie
1390 902 1509 946 carcere
1531 890 1685 961 lterlyrem

247 984 342 1042 seris:
358 983 389 1039 P.
405 984 614 1054 Interrogatus,
629 980 778 1038 Christum
801 978 959 1037 confessus
982 989 1068 1032 sum:
1126 975 1314 1033 servendum
1327 976 1440 1051 recipit,
1464 975 1515 1050 qoi
1533 980 1626 1035 cruce
1641 978 1755 1051 pressis

248 1075 421 1139 aecusatus,
431 1069 645 1141 nondenegori
659 1072 855 1143 :pertractus
867 1069 960 1124 Deum
971 1079 1072 1122 meum
1126 1065 1182 1123 Det
1194 1064 1281 1122 cecis
1293 1064 1388 1123 oculis
1402 1066 1519 1138 perdite
1541 1065 1667 1124 lumine.

249 1160 330 1219 tenui
345 1159 498 1219 ettenebo.
509 1158 683 1221 ltTrensivi
698 1173 751 1231 per
777 1155 878 1229 ignem
900 1158 930 1213 et
942 1167 1071 1227 equom:
1163 1153 1481 1228 Cernensllippolytos
1495 1153 1585 1225 signo
1612 1154 1754 1222 terentis,

250 1252 280 1307 et
291 1247 434 1306 induxisti
449 1262 497 1304 me
519 1246 551 1303 in
573 1244 715 1318 requiem.
743 1247 775 1302 P.
801 1246 1010 1314 interrogatus.
1035 1240 1070 1303 t.
1129 1240 1324 1299 lloxChristo
1338 1242 1466 1301 Domino
1479 1242 1583 1312 credit,
1598 1246 1628 1300 et
1649 1243 1746 1318 impie

251 1336 355 1403 Gloria,
369 1340 397 1392 el
408 1336 513 1393 honor.
531 1338 561 1391 P.
579 1336 789 1403 Interrogatus.
1129 1330 1279 1402 Spernens
1293 1330 1455 1390 dsemonici
1476 1331 1628 1403 dogmatis
1648 1331 1739 1400 idolo,

286 1424 432 1483 Dominus
448 1422 494 1479 eit.
510 1434 542 1495 p.
559 1424 593 1481 Et
604 1437 683 1479 cum.
1127 1417 1240 1475 iunctis
1253 1417 1721 1494 Christicolissooibusinerepet.

287 1512 400 1570 Laudo.
417 1514 486 1581 lgne
502 1526 550 1568 me
561 1508 749 1577 examinasti,
765 1508 901 1579 Domino,
924 1510 952 1563 P.
967 1508 1000 1564 El
1014 1520 1076 1564 non
1164 1507 1245 1564 Tunc
1258 1508 1358 1567 Cesser
1373 1508 1482 1566 rabido
1496 1508 1630 1567 fervidus
1641 1509 1757 1582 impetu

251 1601 467 1659 estinventein
487 1616 531 1657 me
558 1598 721 1673 iniquitas:
744 1596 877 1661 Alleluia,
902 1595 1029 1653 alleluia.
1041 1594 1072 1657 l·
1091 1615 1114 1673 B
1130 1597 1170 1653 0s
1184 1600 1324 1654 sunctum
1337 1595 1438 1670 lupide
1449 1596 1585 1657 scindere
1599 1597 1731 1672 precipit
1748 1620 1756 1653 ι

246 1689 360 1749 Exaudi
373 1691 449 1747 Deus
459 1689 604 1763 justitium
615 1702 717 1745 meem
733 1706 739 1747 ;
753 1684 875 1744 intende
888 1683 1075 1758 Deprecatio·
1129 1687 1230 1758 Longe
1242 1685 1392 1745 dissiliunt
1403 1686 1554 1761 {regmine
1564 1686 1700 1746 dentium
1714 1704 1722 1757 ·,

246 1793 315 1837 nem
327 1794 437 1837 meam.
451 1778 581 1837 Auribus
593 1776 713 1851 percipe
727 1774 895 1833 orationem
915 1788 1027 1841 meom,
1045 1777 1075 1832 et
1127 1772 1255 1833 Sedvox
1270 1773 1458 1847 Unigenitum
1480 1776 1625 1851 predicet
1637 1777 1775 1835 unicum.

244 1867 347 1927 nonin
362 1867 452 1925 labiis
466 1866 586 1925 dolosis.
603 1866 634 1925 P.
650 1867 684 1923 Et
696 1879 758 1923 non
786 1866 841 1923 est.
865 1863 897 1927 lt.
922 1861 1030 1930 Gloris,
1042 1864 1072 1919 et
1164 1863 1275 1923 Ferreis
1288 1864 1459 1937 percalidus
1468 1865 1621 1940 unguibus
1634 1864 1740 1925 artilex

245 1954 349 2013 honor.
366 1956 395 2012 P.
411 1958 444 2017 Et
456 1970 519 2014 non
533 1959 590 2013 est.
1126 1957 1231 2011 Armet
1244 1953 1376 2026 spiniferi
1389 1954 1628 2029 spiculeoerdnis

280 2040 954 2116 Hymnus.EnmertyrisLeurentii.0uerciu
976 2041 1072 2113 Vespe-
1128 2042 1273 2116 corrupte
1284 2044 1404 2116 penitus
1413 2043 1527 2104 viscere
1548 2044 1688 2119 Martyris

247 2133 289 2193 ris
300 2132 535 2203 precedentibus.
550 2132 590 2189 Et
609 2130 800 2201 Sreppticctio.
812 2132 947 2188 oremus.
1127 2128 1401 2191 Pertunduntrosei
1414 2132 1542 2191 flumine
1552 2133 1718 2208 ssngninis.

283 2220 430 2293 capituto.
447 2220 535 2285 Deus,
547 2220 600 2294 qui
613 2218 644 2277 in
657 2219 719 2277 seri
747 2217 916 2276 holocausti
942 2217 1073 2276 hostiam
1163 2221 1237 2279 tlino
1250 2219 1291 2279 sd
1304 2220 1502 2295 cornipedum
1517 2228 1602 2295 terge
1616 2222 1763 2281 terooium

242 2310 317 2382 igno
328 2309 533 2367 examinatum
548 2309 678 2368 levitem
689 2308 847 2381 suscepisti
859 2308 1050 2367 Laurentium
1064 2325 1072 2375 ;
1128 2310 1243 2369 innexu
1252 2310 1379 2383 religent
1390 2329 1398 2367 ε
1409 2315 1521 2371 trectus
1534 2313 1565 2371 in
1578 2328 1696 2386 aspere,

248 2412 312 2473 quo
323 2397 578 2457 moreholooeusti
587 2398 726 2457 decoctus
742 2392 781 2456 sci
795 2397 1074 2471 tepesceniretinle-
1128 2399 1253 2459 Vilslem
1267 2402 1367 2459 subito
1374 2401 1461 2477 liquit
1473 2401 1649 2470 anhelitum,

243 2502 312 2561 ger,
328 2487 670 2562 promiserisrogeturus
682 2486 1075 2559 ;eJus,qucesumuesultre-
1128 2488 1232 2547 Dirum
1244 2505 1307 2564 quo
1320 2490 1413 2549 veluit
1433 2490 1552 2549 vincere
1564 2490 1721 2550 seculum.

250 2576 317 2650 giis,
331 2576 362 2637 in
376 2576 465 2635 nobis
476 2577 618 2635 omnibus
643 2574 721 2648 ignis
735 2575 863 2635 ooelestie
877 2575 959 2634 loces
969 2591 1075 2634 socen·
1164 2578 1210 2636 Db
1224 2578 1282 2637 hoo
1291 2578 1465 2653 suppliciter
1475 2582 1537 2638 Rex
1550 2581 1630 2637 Deus
1653 2578 1792 2639 omnium

250 2665 298 2739 cie,
310 2670 343 2725 ul
356 2669 485 2740 purgate
497 2666 679 2725 conscientie
696 2666 735 2724 sd
750 2668 777 2723 te
805 2680 976 2725 mercemur
1003 2680 1071 2739 pro·
1129 2668 1278 2739 llogsntes
1289 2668 1432 2741 petimus,
1447 2671 1598 2744 ltertyrot
1609 2668 1739 2742 inclytos

250 2755 379 2814 clamore
389 2760 419 2815 et
430 2756 529 2814 dicere
550 2774 559 2812 s
1127 2755 1258 2815 Adsistet
1268 2756 1387 2816 miseris
1397 2757 1507 2828 tentor,
1520 2762 1550 2817 et
1567 2758 1705 2832 impetret

286 2846 487 2904 Peternoster.
499 2845 627 2903 Liberali
639 2861 658 2904 e
671 2844 763 2903 melo.
779 2846 835 2916 sol.
846 2848 874 2901 2.
1130 2844 1279 2904 confessis
1288 2845 1409 2906 renism
1421 2846 1512 2905 eorde
1523 2847 1654 2922 pisente.

284 2932 469 2991 Benedictio.
485 2932 619 2991 Christus
631 2932 822 2991 Dominused
833 2936 903 2991 voto
913 2940 1018 2995 nostro
1029 2947 1111 3025 rec
1166 2931 1209 2991 Sit
1220 2933 1281 2991 site
1289 2933 1433 3009 locuples,
1446 2933 1584 3007 frugibus
1593 2932 1733 3004 effluens,

250 3017 367 3092 spicist,
383 3034 438 3093 pro
450 3035 512 3094 quo
525 3022 632 3094 xystus
655 3024 828 3090 maceratus,
851 3028 880 3081 et
899 3022 1076 3080 Laurentius
1130 3024 1239 3081 Rerscm
1252 3022 1434 3098 prospicites
1446 3038 1582 3097 congruo
1593 3022 1724 3099 pollest:

250 3113 450 3184 consumptus
464 3109 656 3168 esttlemms.
668 3121 702 3182 p.
721 3110 825 3170 Amen.
847 3112 1076 3186 quueiuvonte
1131 3112 1412 3186 Bellumdispereot,
1425 3114 1578 3188 pulione
1590 3112 1730 3187 profluet,

251 3197 357 3272 sieper
367 3199 491 3272 Xystum
501 3215 572 3272 grex
588 3200 754 3258 catholicus
764 3205 887 3269 tueatur,
903 3206 937 3260 ut
950 3216 1003 3275 per
1016 3203 1074 3261 Le·
1130 3201 1256 3260 Virtutes
1270 3202 1401 3274 vigeant,
1417 3204 1544 3262 erimine
1563 3206 1727 3262 moment.

251 3288 397 3346 mentium
422 3289 560 3348 smuteris
581 3289 682 3349 oeliois
703 3291 856 3364 poletione
877 3291 1017 3350 solvetur.
1040 3303 1073 3363 p.
1167 3291 1440 3363 SltPotriingeoito
1458 3291 1705 3366 gloriomoxims,

127 3429 129 3440 .
252 3382 356 3437 Amen.
368 3380 433 3445 Duo
446 3378 535 3437 stillo
547 3384 648 3439 tuente
660 3384 689 3439 et
706 3380 765 3439 isto
789 3381 973 3454 sutlregente
988 3381 1030 3438 sie
1044 3380 1078 3438 il·
1132 3380 1174 3440 Sit
1186 3395 1313 3453 comper
1324 3379 1437 3448 Genito,
1449 3387 1539 3456 etque
1553 3379 1711 3446 emente,

251 3464 522 3527 liussooeodemur
532 3468 680 3543 exemplo,
697 3474 731 3528 ut
741 3469 827 3528 istius
840 3468 1078 3529 relevemursnt·
1132 3471 1213 3528 Unus
1222 3468 1275 3542 qui
1284 3468 1391 3527 retinet
1405 3473 1523 3541 sceptra
1537 3467 1704 3542 pereniter

251 3553 348 3627 lrsgio
361 3572 369 3622 ;
382 3567 416 3630 p.
430 3557 536 3615 Amen.
544 3560 613 3632 ipso
625 3561 786 3632 prestante
799 3562 829 3617 et
840 3557 1013 3628 auxiliante,
1022 3556 1077 3631 qui
1131 3557 1239 3617 Picens
1252 3557 1403 3631 perpetuis
1426 3560 1563 3631 tempore
1577 3555 1707 3614 seculis.

249 3659 299 3702 me
314 3647 398 3704 Patre
410 3649 440 3703 el
448 3645 560 3720 Spiritu
577 3649 687 3707 Senoto
699 3663 779 3707 unus
804 3649 881 3706 Deus
892 3647 973 3716 vivit,
988 3652 1017 3706 et
1031 3661 1076 3706 re·
1203 3650 1308 3705 Amen.

250 3733 363 3804 gnotin
374 3738 486 3794 eterne
505 3739 617 3795 secute
627 3738 815 3796 seculorum.
832 3749 865 3810 p.
880 3738 985 3796 Amen.
1165 3735 1364 3808 supplicatio.
1380 3737 1516 3801 oremus,
1529 3741 1564 3793 ot
1580 3748 1686 3805 septu.

288 3820 432 3899 [senum]
456 3823 574 3883 Laudo.
595 3825 700 3884 Stetuit
722 3826 878 3885 Dominus.
907 3825 969 3884 Pet.
990 3840 1072 3883 curru
1167 3827 1315 3899 mulceto.
1324 3827 1387 3884 Lux
1397 3825 1590 3898 Angelorum,
1601 3819 1953 3896 ethominumsplendor,

252 3911 365 3970 Oratio
379 3913 504 3973 Domine
515 3918 585 3973 lesu
598 3913 721 3984 Christe,
734 3915 787 3989 qui
807 3913 1027 3982 beatissimum,
1041 3919 1076 3972 ot
1131 3915 1249 3974 dierum
1258 3920 1287 3975 et
1298 3919 1469 3990 temporum
1482 3914 1604 3982 centor,
1626 3913 1798 3971 animorum
1813 3915 1845 3970 sl
1855 3924 1958 3984 corpe

251 4015 353 4073 Wlffl-
1131 4004 1322 4064 rumchriste
1335 3999 1956 4074 nominaverisooreverenticmruises-

590 4093 647 4150 Dlli
670 4093 738 4150 xlii.
1133 4087 1956 4168 usHippolyoflmmioomectoritndinismnnusoble·

395 4195 423 4238 us
436 4195 519 4237 resro
530 4196 773 4239 sercrrnrrronrrr
786 4196 933 4239 ocurrere.
1133 4183 1329 4242 lumlucitluo
1338 4183 1753 4259 SonctiSpiritusrespergens
1761 4177 1888 4254 inlspsn
1898 4176 1955 4234 tuis

552 4269 595 4327 M
614 4270 781 4340 VeiPtt'um·
1133 4265 1959 4346 elllcenutibueplseitum,nobisredd0prolitlcnm:ut

290 4356 402 4416 Laudo.
420 4357 566 4431 speravit.
587 4359 646 4431 sol.
658 4373 731 4418 cust.
742 4359 850 4420 Sococ
864 4358 1001 4432 Benedic,
1016 4358 1080 4419 eni·
1094 4321 1118 4378 D
1133 4358 1956 4434 ervisioilirugorenigrorisnoctissegitucvsooeroest

257 4449 382 4521 mesot.
397 4465 461 4507 csx.
1134 4448 1451 4509 ctiorisibilimunere
1464 4447 1679 4508 meledsdeium
1689 4443 1957 4519 webrepeeosmi*

291 4540 476 4611 scriptino.
490 4539 617 4598 Sunotus
631 4544 701 4598 tuus
715 4539 812 4600 induit
823 4539 971 4614 justitium
985 4555 993 4608 ς
1007 4541 1036 4598 et
1048 4539 1080 4598 in
1135 4555 1210 4598 nnm
1228 4543 1328 4598 ersom
1338 4543 1508 4599 consumet.

253 4630 380 4689 nomine
391 4632 444 4687 tuo
458 4629 566 4687 meruit
580 4629 790 4689 victoriamP.
805 4629 872 4688 Pius
883 4645 927 4696 es,
941 4627 1077 4696 Domine,
1170 4628 1255 4686 Peter
1266 4633 1376 4687 noster.
1397 4627 1525 4687 liberati
1535 4643 1555 4686 o
1564 4626 1658 4687 melo
1671 4626 1729 4700 sol.
1744 4628 1776 4684 2.

254 4719 307 4795 qui
318 4719 382 4777 sino
392 4717 516 4792 premio
524 4717 579 4776 des
598 4734 752 4778 coconem.
767 4718 802 4782 lt.
818 4719 914 4777 Vitem
931 4718 1014 4792 petiit
1033 4721 1082 4777 :et
1169 4718 1348 4777 Benedictio.
1364 4715 1718 4792 liertyrisllippolytidet
1730 4714 1821 4773 robis
1830 4713 1958 4772 immm-

255 4807 362 4866 dedisti
373 4807 400 4866 ei
410 4808 440 4866 in
449 4807 668 4880 longitudinem
676 4807 997 4874 diernminelernum,
1012 4807 1080 4866 etin
1135 4823 1172 4866 ec
1185 4805 1298 4880 gaudie
1311 4806 1445 4865 Christus
1462 4817 1512 4879 πὶ.
1533 4809 1641 4863 emen.
1670 4804 1817 4878 Prospere
1839 4800 1959 4866 tribuet

255 4896 519 4956 seculumsaeculi.
535 4897 565 4955 P.
578 4898 649 4956 Pius
655 4913 698 4957 es.
708 4897 741 4960 i.
752 4897 860 4968 Gloria,
875 4900 905 4955 et
915 4896 1021 4955 honor.
1038 4895 1076 4954 P.
1135 4891 1821 4970 elvitsedursrepellst:1e.llmen.coneedet
1837 4889 1958 4949 venien

255 4985 323 5043 Pius
346 5001 388 5043 es.
1126 4984 1244 5059 culpis,
1254 4988 1284 5043 et
1295 4985 1420 5059 premis
1430 4983 1521 5042 rotis.
1534 4993 1568 5057 p.
1582 4986 1691 5042 emen.

290 5074 436 5133 Dominus
449 5075 495 5135 sit.
509 5087 542 5148 p.
561 5079 595 5133 nt
609 5092 690 5134 cnm.
1171 5074 1225 5132 Per
1237 5073 1483 5132 misericordiam.

289 5163 403 5222 loodu.
419 5161 567 5222 Beneieoit
580 5165 735 5223 Dominus.
759 5165 815 5236 sol.
827 5178 899 5223 cnm.
1170 5163 1286 5222 Laude
1304 5160 1749 5235 sletulsoominus.set.csn1.
2021 5204 2023 5223 ,

376 5263 378 5268 ·
601 5255 743 5328 Hmnnus.
1172 5251 1287 5311 Occiso
1301 5251 1426 5310 Domine
1438 5253 1508 5310 tesu
1522 5249 1840 5324 christe,quitentem
1851 5246 1960 5320 llippe

292 5344 418 5412 Adsunt,
433 5359 452 5401 o
470 5342 581 5418 populi,
594 5341 672 5400 teste
693 5341 831 5415 celebris,
1136 5340 1275 5414 lytotesti
1286 5345 1338 5400 tuo
1351 5342 1491 5400 sulutem
1511 5339 1607 5399 enimi
1625 5336 1786 5404 contulisti,
1798 5342 1833 5394 ot
1858 5333 1961 5393 terreis

258 5432 331 5497 oue
345 5433 414 5492 lelix
424 5431 537 5492 revehit
546 5431 687 5506 temporis
706 5429 813 5499 orbito,
1137 5430 1295 5504 preciosus
1314 5430 1439 5498 eculeis,
1460 5429 1599 5490 teDeum
1619 5441 1690 5488 esee
1713 5425 1919 5503 proclemeret
1933 5422 1962 5480 in
