4117 6175
231 199 302 259 test

864 181 1098 254 euevmmtttt
1118 191 1315 255 uaruicum.
1376 157 1378 168 ’

1855 181 1918 250 test

266 323 375 380 Omnia
387 321 532 380 dicantur
548 322 744 396 plurimorum
764 321 931 392 Martyrum
951 317 1098 378 nonunt
1149 319 1496 384 Omniadioanturunius
1508 321 1755 396 Martyrisnooem
1767 319 1920 386 lectionum.
2027 287 2029 354 ?

233 414 404 481 lectionum,
415 413 490 483 satio
505 427 617 469 cnsmu.

302 501 339 558 lu
351 502 459 558 Sancti
472 501 590 558 Antonii
602 502 640 558 cle
663 500 772 558 Patina
789 497 983 568 Confessorts.

268 592 374 649 Omnia
389 591 531 648 lueretur
545 591 634 647 unius
649 587 829 660 confessoris
844 601 948 646 nouem
960 585 1056 644 lectio

232 697 315 749 num,
328 679 405 752 solio
419 693 526 738 οων.
787 727 791 733 .

424 769 461 825 tn
478 767 586 826 Sancti
596 767 702 825 Basilii
713 766 866 837 Episcopi.

269 859 375 915 Omnia
390 857 534 915 dicantur
547 859 638 914 unius
646 855 829 928 Contcssoris
840 853 997 924 Pontitlels,
1009 854 1056 924 stt

233 947 272 1005 lio
287 963 379 1003 auxus.

296 1033 330 1092 ln
344 1035 521 1092 Sanctorum
541 1031 611 1100 Viti,
626 1039 655 1090 et
671 1033 799 1091 Modesti
812 1038 989 1106 martyrum.

268 1123 374 1180 Omnia
386 1125 530 1181 dicantur
547 1125 749 1190 plurimorum
764 1123 932 1193 Martyrum
951 1133 1055 1178 nouem

233 1213 401 1275 lectionum,
415 1213 491 1283 folio
506 1227 618 1269 caxvttt.

282 1300 322 1358 ln
331 1302 511 1358 Sanctorum
528 1299 649 1367 (illirici,
665 1301 693 1358 ei
706 1301 808 1358 latita
822 1303 1000 1371 martyrum.

267 1389 372 1447 Omnia
396 1389 749 1459 dieanturplurimorum
767 1389 938 1459 Martyrum
951 1402 1055 1444 nostem

235 1477 402 1545 Matianum,
415 1476 491 1550 solio
507 1493 618 1536 coxisti.

230 1569 266 1624 In
278 1570 456 1626 Sanctorum
474 1569 583 1637 Marci,
605 1575 634 1626 et
656 1567 848 1627 Marcelliani
868 1569 1050 1637 martyrum.

265 1657 371 1716 &unia
384 1656 527 1714 dieantur
545 1657 745 1728 plurimorum
758 1656 930 1730 Martyrum
951 1670 1055 1712 nouem
1073 1664 1096 1724 Β

231 1745 400 1814 lectionum,
412 1744 491 1817 [olio
505 1759 620 1803 euntis.

390 1836 426 1894 ln
441 1835 560 1894 Sancte
573 1837 733 1894 Florentiae
753 1837 894 1908 Viryinis.

265 1925 372 1984 Omnia
386 1926 530 1984 eluantur
543 1927 634 1983 unius
659 1925 794 1997 l'iryiuis,
811 1925 890 1998 solio
904 1924 1017 1982 mxxix.

426 2015 463 2072 ln
482 2015 590 2074 Sancti
609 2013 747 2073 Sitoestri
757 2015 857 2085 Papa.

266 2104 374 2162 omnia
388 2104 530 2162 dicantur
543 2107 634 2162 tinius
652 2102 813 2175 Pontificio,
825 2103 904 2176 totio
923 2119 1017 2161 cmx.

229 2192 267 2251 In
280 2194 401 2252 Sancta
414 2193 578 2251 consortia
597 2194 727 2265 Viryinis
750 2208 816 2250 curn
828 2194 966 2250 undecim
990 2193 1054 2250 mit·

511 2282 584 2338 lium
598 2285 773 2353 martyrum.

265 2369 683 2440 Ounulimmurpturimamm
693 2369 1052 2440 ViryiuumJoliocumtt.

229 2458 261 2513 lu
270 2453 1055 2529 translationeSanctthipiillpiscopietconfessoris.

267 2543 376 2602 Omnia
387 2542 532 2602 dicuutur
545 2545 635 2603 unius
652 2543 833 2616 Confessoris
846 2543 1001 2619 Pontificio
1009 2549 1056 2620 so·

230 2635 267 2692 lt'o
278 2649 369 2692 auu.

269 2720 322 2795 11
340 2723 377 2780 ln
390 2718 569 2780 Sanctorum
584 2721 711 2781 loannis
725 2730 753 2782 et
772 2723 863 2782 Pauli
875 2730 1054 2798 martyrum.

264 2811 371 2870 Omnia
383 2811 526 2869 dieantur
546 2814 742 2885 plurimorum
762 2813 932 2888 Martyrum
951 2831 1055 2873 nouom

231 2902 401 2966 lectionum,
416 2901 469 2972 sol.
485 2906 599 2959 anxvui.

442 2989 479 3046 ln
498 2989 603 3048 Sancti
617 2991 723 3048 monis
742 2993 841 3062 Papa.

266 3080 375 3136 Omnia
383 3078 522 3136 dicuntur
535 3082 625 3137 unius
637 3081 818 3151 confessoris
826 3079 988 3156 Poulilcis,
997 3082 1054 3157 sol.

233 3182 327 3225 anxtx.

283 3256 321 3314 Iu
337 3254 619 3317 Commemoratione
638 3259 744 3317 Sancti
761 3258 850 3319 Ponit
862 3258 1001 3332 Apostoll.

268 3346 375 3404 Omnia
388 3347 532 3406 dicantur
546 3348 636 3404 unius
647 3349 796 3421 Martyris
813 3366 866 3409 see
880 3362 1056 3423 capparum,

230 3436 288 3507 sol.
299 3452 372 3495 civi.

452 3521 637 3602 Fusus
669 3522 828 3605 suun.

387 3639 498 3698 Octava
511 3640 609 3699 Sancti
618 3642 745 3699 loannis
757 3644 905 3717 Baptista.

271 3728 378 3787 Omnia
390 3731 575 3788 dicanturut
594 3732 626 3786 in
641 3731 698 3793 elie.
712 3733 769 3804 sol.
786 3748 915 3791 coxanus.

427 3816 562 3877 Visltatt'o
577 3820 687 3877 Sancte
703 3821 868 3880 Elisabeth.

271 3908 377 3966 Omnia
387 3909 568 3967 dicanturut
579 3910 612 3967 in
620 3910 948 3981 AssumptioneSauola
955 3909 1061 3971 Marito

243 3998 384 4069 viraines,
396 3996 453 4069 sol.
472 4014 610 4057 ccuxxu.

289 4086 324 4143 ln
335 4086 436 4144 Sancti
451 4086 596 4154 Processi,
609 4091 637 4145 et
659 4088 815 4146 Valeriani
828 4096 1006 4164 martyrum.

273 4173 379 4232 Ouinia
387 4176 525 4234 tuantur
532 4179 723 4247 plurimorum
732 4178 900 4253 Martyrum
909 4196 1011 4240 nouem
1024 4178 1063 4239 le·

239 4262 380 4329 alionum,
393 4265 450 4334 sol.
467 4281 580 4322 cuxriu.

327 4351 363 4407 ln
379 4354 487 4410 octava
505 4354 711 4427 Apostolorum
734 4354 818 4414 Petri
835 4363 863 4414 et
881 4355 976 4415 Pauli
1081 4372 1103 4427 ι)

351 4440 456 4497 Ouinia
467 4442 612 4501 dicantur
625 4453 657 4502 ut
671 4447 703 4502 iu
716 4448 774 4513 die,
790 4446 844 4516 fol.
865 4450 954 4504 ceiiv.

497 4530 641 4590 Martialis
656 4536 799 4607 Episcopi.

274 4620 378 4680 Omnia
388 4618 527 4679 dieantur
536 4623 625 4678 unius
635 4622 818 4696 confessoris
825 4624 992 4697 Pontificis,
1004 4624 1062 4699 sol.

238 4727 332 4770 nuxtx.

488 4803 597 4860 Octava
621 4802 815 4862 visitationis.

276 4890 384 4951 Ouinia
396 4891 539 4950 (licuntur
549 4898 582 4949 ut
595 4893 628 4949 in
645 4892 703 4961 cite,
713 4894 771 4965 sot.
786 4910 914 4950 canuxix.

415 4979 528 5052 Septem
549 4981 694 5038 Fratrum
709 4987 881 5053 martyrum.

277 5068 383 5126 Omnia
402 5068 544 5126 dicuntur
564 5068 761 5141 plurimorum
773 5069 941 5143 Martyrum
961 5086 1065 5129 novem

241 5158 410 5228 lectionum,
421 5156 478 5228 lot.
493 5174 607 5215 cunnus.

426 5246 596 5304 Translatto
617 5246 714 5305 Sancti
729 5246 887 5306 Benedicti.

276 5338 382 5397 Omnia
401 5334 545 5393 dicautur
559 5338 649 5393 unius
664 5336 849 5409 Corssessoris,
869 5338 926 5407 sol.
949 5354 1065 5397 cuxxiu.

393 5424 428 5481 In
444 5422 558 5481 sancte
575 5424 749 5496 Maryaritae
769 5426 912 5495 Viryinis.

279 5513 538 5571 Omuiatlirantur
556 5514 645 5569 unitis
668 5514 807 5585 Viryinis,
829 5516 887 5581 sol.
904 5531 1011 5571 clxxix.

427 5600 465 5659 ln
478 5600 579 5659 &recti
594 5603 706 5671 Quirini
722 5606 874 5676 martyris.

1110 409 1186 479 solio
1199 427 1262 469 cix.

1286 503 1324 559 ln
1337 504 1437 561 Sancti
1450 503 1541 560 tlecii
1564 499 1756 572 Confessoris.

1147 588 1254 648 Omnia
1263 592 1405 649 dicantur
1421 591 1507 650 unius
1521 590 1701 662 confessoris
1717 602 1819 646 nouem
1834 587 1927 643 lectio
2029 637 2031 662 4

1110 689 1193 744 num,
1208 678 1265 750 sol.
1280 697 1382 737 ciue.

1286 771 1323 826 ln
1338 770 1497 842 Triumplti
1511 769 1625 828 Sancte
1642 765 1754 824 Crucis.

1146 855 1254 915 Omnia
1273 858 1417 917 dicautur
1435 865 1468 915 ut
1483 859 1514 914 in
1529 857 1710 922 quentiano,
1726 855 1783 926 [ol.
1796 867 1925 908 auxum.

1292 943 1325 1004 ln
1338 950 1449 1005 sanctu
1462 945 1591 1006 Mariua
1606 943 1745 1017 Viryiuis.

1147 1035 1251 1092 Omnia
1264 1035 1406 1094 dicautur
1421 1039 1510 1094 unius
1535 1035 1676 1108 Viryinis,
1694 1030 1754 1106 sol.
1767 1041 1878 1088 oum.

1165 1123 1195 1180 ln
1209 1121 1324 1182 Sancta
1346 1123 1522 1198 Maryaritm
1548 1121 1673 1194 lupinis
1686 1128 1714 1178 et
1728 1119 1878 1192 martyris.

1147 1211 1253 1270 Omnia
1268 1211 1408 1270 dicuntur
1422 1209 1508 1268 unlus
1531 1210 1664 1280 Vityinls,
1677 1209 1733 1280 sol.
1752 1223 1864 1264 cumn.

1272 1302 1307 1357 In
1326 1303 1446 1358 Sancte
1461 1302 1607 1358 Prauedis
1633 1298 1773 1370 Viryinis.

1147 1390 1250 1446 Omnia
1272 1387 1416 1447 sileantur·
1428 1390 1517 1448 unlus
1534 1389 1665 1460 lupinis,
1679 1387 1737 1460 sol.
1752 1399 1862 1442 aputu.

1165 1503 1198 1560 IN
1221 1506 1328 1562 tusto
1348 1507 1490 1563 solicite
1510 1505 1628 1562 uuutAE
1647 1501 1880 1560 uoluentium.

1406 1611 1453 1670 to
1472 1613 1638 1684 vammum

1145 1717 1255 1776 baula
1281 1719 1517 1784 confusionum,
1544 1724 1573 1778 ot
1592 1718 1735 1776 demum
1759 1712 1884 1774 induisti
1903 1715 1930 1768 P.

1109 1807 1224 1866 Amiotu
1243 1807 1344 1866 lumen
1368 1807 1443 1864 siout
1462 1808 1650 1866 vesomanio.
1670 1805 1705 1868 tt.
1724 1802 1887 1862 Confessio.
1905 1805 1931 1856 nt

1110 1895 1264 1968 speoissin
1276 1901 1440 1969 oouspsolu
1449 1895 1514 1968 ejus
1527 1917 1534 1953 ι
1546 1895 1689 1954 seuotitus
1705 1899 1733 1950 et
1744 1889 1932 1963 munitionu-

1109 1985 1149 2042 tin
1163 1983 1195 2040 iu
1220 1984 1452 2043 sanctificatione
1471 1986 1549 2058 ejus.
1578 1985 1614 2042 P.
1641 1983 1768 2042 Antiate-
1782 1981 1814 2042 l.
1832 1983 1866 2038 nt
1878 1989 1931 2048 eyn
2038 1977 2039 1996 ³

1108 2069 1928 2148 confiuhoruamtnoinveitspsetmsrnmfflmmiou.

1108 2163 1139 2226 i.
1157 2163 1263 2232 Gloria,
1280 2170 1308 2222 et
1319 2165 1426 2224 honor.
1448 2163 1480 2222 Ρ.
1495 2165 1623 2222 Amintn.

1145 2253 1290 2311 Dominus
1306 2255 1343 2310 sit
1357 2269 1481 2330 semper.
1500 2265 1532 2326 lt.
1546 2255 1577 2310 Et
1591 2267 1672 2311 oum.

1144 2341 1232 2400 Sauo.
1249 2342 1417 2402 confitebor
1424 2341 1476 2402 tibi
1489 2342 1615 2400 Domino
1629 2341 1660 2400 in
1670 2344 1731 2401 toto
1741 2338 1833 2398 oords
1846 2348 1930 2396 meat

1109 2431 1241 2490 unsrubo
1265 2431 1413 2490 mirabilis
1435 2437 1498 2492 tue.
1520 2430 1653 2488 alleluiu.
1678 2433 1708 2488 P.
1737 2426 1885 2496 talebot,
1906 2429 1931 2480 ot

1110 2520 1250 2578 exultabo
1264 2521 1294 2578 in
1305 2528 1342 2584 te,
1360 2520 1484 2578 Domine
1499 2538 1504 2578 :
1522 2519 1650 2594 psallum
1666 2517 1844 2578 nominituo
1855 2515 1932 2574 Altis·

1110 2609 1193 2668 sime.
1209 2609 1345 2668 Alleluia.

1147 2701 1291 2758 Dominus
1305 2701 1344 2760 sit
1356 2715 1484 2775 sompes.
1500 2713 1533 2774 sy.
1547 2703 1580 2758 et
1593 2715 1673 2760 oum.

1145 2789 1328 2859 Arctipltouu.
1346 2789 1516 2848 Confitebor
1529 2790 1581 2847 tibi
1593 2787 1717 2848 bomine
1729 2787 1760 2845 in
1776 2783 1935 2844 totocorde

1110 2879 1429 2953 meo;quieennndisti
1440 2879 1602 2938 verbosaris
1613 2878 1673 2936 mei
1691 2878 1720 2935 P.
1728 2880 1760 2934 in
1772 2880 1936 2948 conspeetu

1111 2968 1292 3039 Angelorum
1312 2969 1439 3042 psallam
1458 2968 1510 3027 libi
1525 2987 1532 3025 :
1546 2968 1578 3031 tl.
1599 2969 1676 3024 Deus
1693 2982 1779 3024 mens
1800 2981 1835 3023 os
1857 2967 1936 3029 tu,et
2043 2997 2044 3020 r

1112 3057 1278 3118 confitebor
1292 3057 1366 3123 tibi:
1387 3061 1465 3117 Deus
1488 3072 1573 3117 meus
1593 3063 1622 3115 et
1641 3056 1780 3115 exuttnbo
1806 3059 1845 3113 te.
1859 3055 1890 3113 P.
1906 3056 1933 3109 tn

1112 3156 1286 3221 conspectu.
1303 3148 1333 3210 t.
1348 3148 1456 3208 litorio.
1469 3151 1496 3205 Ρ.
1516 3152 1546 3205 lu
1560 3154 1734 3221 oouspeotu.

1149 3236 1292 3292 Dominus
1308 3241 1353 3292 stt.
1367 3246 1402 3307 ty.
1426 3238 1457 3292 Et
1474 3252 1555 3293 oum.

1148 3324 1264 3383 Laudo.
1279 3324 1448 3383 Confitebor
1462 3326 1513 3383 tibi
1532 3325 1657 3383 Domine
1670 3338 1723 3382 rex
1737 3320 1865 3381 ittelntu
1882 3340 1888 3381 :
1908 3322 1936 3375 P.

1113 3415 1148 3471 ut
1161 3412 1351 3471 conlaudabo
1368 3416 1460 3473 tteum
1475 3415 1659 3473 §mustacem
1674 3428 1787 3471 meum.
1803 3410 1936 3477 Alleluia,

1114 3501 1241 3560 alleluiu.
1252 3501 1283 3564 t.
1293 3502 1433 3561 Adon-ebo
1443 3503 1482 3559 ed
1495 3504 1639 3576 templum
1654 3507 1792 3560 senatum
1803 3508 1901 3567 tuum,
1912 3504 1939 3555 et

1114 3590 1288 3659 confitebor,
1307 3592 1440 3651 Domine.
1456 3594 1487 3651 P.
1505 3594 1547 3649 ut.
1561 3591 1591 3655 t.
1610 3592 1715 3651 oloris.
1732 3592 1762 3647 P.
1780 3592 1822 3648 ut.

1460 3712 1600 3789 Hymnus.

1294 3826 1348 3881 Pro
1362 3822 1481 3897 speciali
1496 3822 1586 3881 linteo

1258 3912 1381 3970 Servivit
1396 3913 1525 3986 capitilio
1542 3928 1548 3969 ε

1260 4008 1335 4059 inter
1351 4019 1435 4059 suoru
1448 4000 1586 4059 convivia

1260 4094 1323 4149 Nou
1336 4088 1429 4148 deluit
1444 4088 1566 4149 invidia.

1295 4182 1366 4247 Quos
1380 4182 1602 4255 protoplastum
1616 4180 1729 4253 pepulit

1268 4272 1305 4326 ite
1323 4268 1451 4342 peradisi
1465 4268 1569 4339 gloria,

1261 4360 1351 4429 Cujus
1366 4356 1488 4431 longum
1501 4357 1623 4414 esitium

1261 4448 1360 4504 Crucis
1373 4448 1460 4503 servit
1474 4446 1651 4519 patibulum.

1296 4538 1368 4593 Nutu
1382 4534 1507 4610 quitiam
1519 4534 1608 4591 corde
1624 4532 1736 4591 termido

1263 4624 1509 4698 improperabunt
1524 4624 1650 4681 Doisiino
1668 4642 1674 4679 :

1261 4714 1289 4771 si
1305 4722 1407 4771 nosset
1420 4714 1468 4771 bio
1484 4714 1623 4787 mysteria

1264 4800 1428 4859 Divinitalis
1443 4802 1570 4860 iiilituu?

1298 4891 1361 4948 Non
1377 4891 1485 4949 sineret
1500 4909 1531 4948 se
1549 4898 1667 4961 tangere

1261 4982 1454 5039 l‘eaaatiiueut
1471 4980 1624 5037 mulierem
1641 4998 1647 5035 :

1264 5068 1452 5141 Respondeas
1469 5076 1569 5126 utilem
1585 5068 1707 5143 provide

1263 5158 1394 5214 Rimulor
1408 5158 1607 5224 conscientiae,

1300 5248 1390 5318 CuJ'us
1404 5264 1461 5302 nou
1479 5247 1546 5303 latet
1558 5245 1678 5305 oculum

1264 5336 1411 5391 Cteuttirae
1425 5334 1594 5401 latibulum.

1264 5426 1435 5496 Propourns
1449 5420 1666 5481 immutabilem

1263 5510 1460 5569 Remissionis
1480 5513 1612 5583 speciem

1301 5600 1691 5674 Simoniuquitdomeslioe,
