4117 6175
134 260 189 315 ⁷25
509 265 545 321 ΙΝ
565 265 576 322 Ι
594 266 638 322 ΕΤ
656 267 682 323 11
700 264 760 323 DIE
778 246 1000 328 indulcetur
1016 270 1109 329 ANTE
1129 270 1272 331 FESTUM
1291 268 1323 331 S.
1344 270 1505 329 MARTINI.
1790 272 1843 329 '126

133 383 232 455 praebe
245 382 396 446 solatium:
412 391 444 445 ut
452 386 528 445 dum
541 392 569 447 te
577 390 893 450 adventantemoerens
906 394 967 450 tur·
980 394 1005 453 Α
1033 395 1186 467 Capitate.
1199 394 1420 461 Erubescimus,
1441 394 1570 467 Domine,
1596 398 1624 454 te
1650 390 1774 454 Patrem.
1799 394 1843 453 Et

133 472 205 531 bata
216 474 305 532 tuerit
315 476 457 545 terra,tibi
472 479 712 552 adjunganturin
727 481 963 555 gaudicquiob·
1018 485 1135 543 Lauda.
1151 484 1320 557 Irascimini,
1335 486 1364 543 et
1377 482 1478 541 nolite.
1497 483 1554 555 sol.
1573 488 1632 542 iti.
1652 485 1762 543 Oratio.
1778 482 1841 540 ribi

132 565 246 619 metum
258 562 364 633 iudicii
374 564 510 622 admissa
520 565 672 648 debentia
683 567 809 625 saeculc:
823 572 896 626 uttu
907 570 964 627 vir·
1018 572 1153 643 Domine,
1168 575 1221 646 sot.
1239 574 1287 631 et.

131 653 230 709 tutum
254 650 398 709 Dominus
413 652 641 715 sisnobiscum:
664 671 756 729 quem
770 661 800 714 et
821 656 962 715 timemus
1325 661 1375 718 Ad
1388 660 1528 719 Tertiam.

130 738 277 809 judicem
288 746 317 796 et
328 743 540 810 cognoscimus
552 744 790 819 Redemptorem.
803 757 836 817 lc.
853 750 959 805 amen.
1084 748 1252 821 Prophetic.
1272 748 1333 816 Fili,
1344 749 1462 807 custodi
1475 762 1635 806 sermones.
1653 746 1709 817 [ct.
1720 746 1767 805 99.

171 824 228 883 Per
239 827 486 889 misericordiam.
1168 839 1266 897 Lectio
1281 838 1351 896 tiore·
1362 838 1465 896 Exodi
1476 836 1562 909 (Cap.
1577 835 1687 907 xxxin).

168 914 347 985 scriptoria.
372 922 401 973 2.
416 920 494 977 Deus
510 918 649 978 salutaris
663 924 780 980 noster:
811 925 840 980 et
860 929 959 983 averte
1048 936 1082 997 lp.
1096 926 1157 983 Dec
1169 926 1295 998 gratias.

131 1002 210 1061 bam
220 1008 304 1062 tuam
314 1020 332 1062 a
344 1006 443 1066 nobis.
456 1010 496 1066 lie
511 1008 543 1066 in
553 1012 698 1068 aternum
707 1011 845 1069 irascaris
858 1012 955 1071 nobis.
1047 1014 1082 1070 ln
1097 1013 1153 1072 illis
1165 1014 1287 1072 diebus:
1301 1015 1490 1089 Loquebatur
1500 1014 1645 1073 Dominus
1660 1012 1699 1070 ad
1714 1013 1837 1085 Moysen

131 1088 164 1152 v.
190 1091 318 1151 Ostende
340 1093 429 1152 nobis
447 1094 573 1155 Domine
594 1098 821 1158 misericordiam
845 1102 929 1160 tuam
948 1118 955 1158 :
1009 1102 1085 1160 iacie
1100 1105 1139 1161 ad
1153 1102 1270 1171 taciem,
1287 1103 1364 1162 sieut
1377 1104 1460 1177 ioqui
1474 1102 1652 1161 solethcmo
1663 1100 1837 1159 cumamicc

130 1183 161 1237 et
172 1179 301 1239 salutare
315 1188 400 1240 tuum
412 1184 558 1243 danobis.
579 1188 711 1245 Prctmur
724 1204 840 1247 sxxxrv.
1009 1206 1074 1248 suc.
1091 1192 1225 1265 Cumque
1246 1192 1295 1251 ille
1312 1195 1507 1250 reverteretur
1523 1190 1555 1247 in
1576 1194 1683 1257 castra,
1700 1187 1836 1246 minister

166 1268 954 1351 Oratio.Dstendenobie,Dominemisericordiammam,
1008 1280 1073 1352 ejus
1087 1282 1175 1337 losue
1190 1281 1268 1339 iliius
1286 1284 1373 1347 Num,
1387 1293 1471 1353 puer,
1483 1294 1544 1336 non
1565 1276 1724 1335 recedebat
1737 1277 1776 1333 de
1790 1277 1832 1333 ta·

129 1360 160 1411 et
167 1355 293 1416 salutare
303 1362 388 1416 tuum
399 1360 530 1420 danobis
539 1380 548 1416 :
557 1363 647 1436 plena
655 1364 757 1435 gratie
764 1367 897 1424 ubertate
905 1367 955 1425 de-
1006 1366 1180 1427 bernacula.
1194 1369 1270 1427 Dixit
1279 1372 1376 1427 autem
1385 1368 1501 1440 lioyses
1513 1364 1552 1423 ad
1563 1365 1738 1423 Dominum:
1751 1363 1832 1421 Prei-

127 1446 954 1526 monstra:plebistuminiquitatemremitte3etcuncta
1007 1445 1834 1529 cipisuteducampopulumistumzetnonindicasmihi

127 1536 251 1604 peccata
257 1535 388 1605 tegmine
395 1537 600 1609 indulgentiali
606 1540 738 1613 cooperi:
749 1543 952 1600 convenience
1005 1558 1098 1616 quem
1110 1543 1260 1601 missurus
1270 1560 1302 1601 es
1311 1542 1681 1616 mecum,prmsertimcum
1696 1536 1829 1597 dixeris:

127 1619 231 1693 itaque
245 1622 285 1678 ad
294 1628 363 1690 te,et
375 1630 525 1684 conversis
534 1634 868 1701 praceptatuaservare
883 1646 953 1689 con·
1004 1632 1078 1689 Novi
1091 1637 1119 1689 te
1138 1648 1174 1689 ex
1186 1632 1318 1701 nomine,
1334 1636 1363 1689 et
1370 1631 1509 1689 invenisti
1518 1630 1645 1701 gratiam
1654 1642 1756 1686 coram
1767 1641 1829 1683 me.

126 1708 216 1768 cede:
239 1715 269 1765 et
281 1715 381 1769 tamen
402 1714 561 1773 exorabilis
576 1717 613 1773 sit
625 1723 677 1775 tua
691 1717 861 1780 clementia:
873 1724 906 1776 ut
920 1720 952 1777 in
969 1730 990 1785 Β
1005 1720 1124 1778 sienim
1134 1720 1235 1777 inveni
1249 1719 1375 1791 gratiam
1384 1720 1415 1777 in
1430 1722 1593 1793 conspectu
1615 1723 1676 1782 tuo,
1704 1713 1828 1772 ostende

124 1797 216 1853 nobis
227 1798 283 1855 bec
295 1800 407 1868 iratae,
415 1802 446 1859 in
454 1809 601 1876 quantum
612 1806 717 1863 meritc
725 1808 839 1879 peccati
847 1822 952 1879 grava·
1004 1807 1080 1864 mibi
1092 1807 1198 1865 faciem
1210 1813 1304 1881 mam,
1314 1812 1346 1865 ut
1358 1808 1451 1865 sciam
1462 1811 1530 1879 te,et
1537 1804 1690 1863 inveniam
1699 1802 1829 1875 gratiam

124 1885 361 1956 mnr,desoeviat;
371 1905 426 1947 uec
435 1891 601 1964 indignatio
609 1894 862 1953 bonitatemtnam
871 1911 951 1954 ecm-
1004 1900 1074 1954 ante
1083 1896 1187 1953 oeulos
1198 1901 1282 1955 tuos:
1295 1896 1411 1970 respice
1420 1894 1567 1968 populum
1577 1898 1663 1951 tuum
1675 1894 1704 1949 et
1713 1894 1829 1963 gentem

124 1977 263 2031 moreat:
279 1976 332 2032 sed
346 1982 465 2049 praesta,
481 1987 515 2036 ut
525 1981 600 2037 dum
613 1982 736 2039 verbere
750 1988 951 2055 pectoratun-
1003 1984 1092 2041 banc.
1110 1984 1246 2058 Dixitque
1256 1984 1418 2042 Dominus:
1435 1983 1534 2041 Facies
1546 1998 1614 2040 mea
1625 1979 1771 2055 praecedet
1790 1982 1830 2045 te,

123 2058 269 2125 dimanet
277 2070 429 2132 gementes
438 2066 555 2126 occulta
565 2070 814 2127 conscientiarum
829 2070 910 2143 (cnm
923 2074 951 2130 te
1004 2077 1033 2130 et
1046 2072 1181 2147 requiem
1192 2072 1273 2131 dabo
1283 2070 1346 2131 tibi.
1359 2073 1394 2129 lit
1407 2071 1449 2130 ait
1461 2072 1591 2144 Moyses:
1606 2069 1710 2127 Sinon
1721 2070 1754 2127 tu
1766 2068 1832 2141 ipse

124 2161 188 2204 non
203 2146 326 2223 lateant)
338 2155 545 2227 propalamus,
555 2156 695 2214 meritum
705 2162 875 2216 nostrarum
885 2174 950 2217 eva·
1003 2161 1165 2236 praecedes,
1179 2178 1217 2219 ne
1226 2162 1337 2221 educas
1349 2177 1405 2219 nos
1424 2160 1462 2218 de
1474 2160 1542 2219 icco
1553 2159 1662 2216 istola
1677 2173 1738 2231 quo
1752 2156 1833 2213 enim

122 2235 233 2292 damus
254 2238 470 2311 culparum:ut
479 2248 507 2300 te
515 2244 672 2301 Dominum
679 2246 902 2315 misericordiae,
921 2254 950 2307 et
1002 2250 1079 2309 scire
1091 2252 1255 2325 poterimus
1266 2252 1360 2322 egoet
1374 2248 1503 2324 populus
1520 2245 1759 2318 tuns,invenisse
1774 2259 1831 2303 nos

120 2323 254 2382 veritatis
277 2335 430 2387 auctorem
456 2332 649 2404 completione
672 2334 795 2407 justitiae
812 2338 841 2393 et
863 2338 948 2411 pacis
1002 2341 1130 2411 gratiam
1144 2340 1175 2397 in
1187 2343 1349 2413 conspectu
1362 2342 1423 2407 bro,
1439 2338 1500 2395 nisi
1515 2334 1717 2401 ambulaveris
1732 2332 1832 2391 uobis·

119 2417 274 2484 perpetum
287 2415 460 2476 hereditatis
473 2419 617 2477 truamur.
638 2433 670 2493 a.
687 2424 795 2480 Amen.
1000 2444 1081 2495 cum,
1094 2433 1122 2486 et
1132 2428 1294 2501 gloriemur
1304 2426 1343 2485 ab
1353 2422 1685 2499 omnibuspopulisqui
1696 2420 1833 2481 habitant

156 2502 466 2564 Permisericcrdiam.
1000 2532 1091 2591 super
1097 2521 1207 2574 terram
1217 2517 1231 2573 i
1241 2515 1319 2573 Dixit
1330 2521 1430 2573 autem
1436 2514 1581 2571 Dominus
1589 2513 1629 2569 ad
1639 2513 1777 2585 lloysen:
1792 2526 1831 2569 en

156 2590 455 2659 suspicabamur
470 2600 655 2655 Deusnoster
662 2599 776 2671 respice
786 2616 843 2657 nos
856 2618 863 2657 :
879 2616 946 2675 spe·
997 2605 1123 2663 verbum
1134 2604 1225 2672 istud,
1238 2602 1320 2678 quod
1332 2604 1450 2660 locutus
1463 2618 1505 2669 es,
1532 2601 1660 2659 faciam:
1688 2600 1828 2658 invenisti

117 2681 219 2733 rantes
236 2678 268 2735 in
295 2684 324 2738 te
347 2698 385 2740 ne
412 2683 666 2759 derelinquant.
683 2688 728 2743 ad
750 2694 779 2744 te
800 2689 945 2747 clamave-
996 2695 1078 2752 enim
1093 2693 1219 2765 gratiam
1234 2693 1323 2767 443
1337 2707 1500 2757 coramme,
1515 2693 1579 2747 ette
1593 2688 1774 2762 ipsumncvi
1788 2703 1825 2744 ex

115 2772 198 2834 runt,
210 2773 241 2824 et
251 2769 401 2828 salvitacti
415 2780 498 2832 sunt:
519 2775 549 2832 in
565 2780 594 2833 te
609 2783 817 2849 speraverunt,
843 2784 871 2834 et
881 2794 943 2838 non
996 2783 1129 2841 nomine.
1145 2783 1201 2849 Qui
1215 2783 1270 2840 ait:
1282 2780 1409 2838 Ostende
1422 2778 1496 2837 mibi
1511 2778 1638 2849 gloriam
1660 2782 1754 2834 tuam.
1769 2776 1826 2833 Re·

115 2858 188 2910 sunt
200 2858 329 2916 contusi.
344 2862 482 2920 Perimes
495 2879 556 2921 xxi.
996 2870 1133 2944 spondit:
1146 2872 1207 2941 Ego
1220 2867 1378 2928 ostendam
1390 2865 1606 2924 omnebonum
1616 2864 1680 2937 tibi,
1697 2869 1725 2923 et
1734 2878 1824 2924 vcca-

152 2944 268 3002 Drutr'c.
284 2947 406 3017 Christe,
428 2952 530 3025 quide
555 2952 689 3026 patibulo
708 2954 748 3013 ad
766 2954 895 3023 Patrem,
911 2961 945 3013 ut
997 2959 1053 3016 bor
1068 2959 1100 3016 in
1112 2958 1233 3015 nomine
1244 2956 1359 3014 Domini
1374 2970 1476 3013 coram
1491 2959 1534 3015 te:
1551 2957 1580 3011 et
1597 2953 1762 3012 miserebor
1774 2952 1823 3011 cui

114 3032 191 3105 quid
204 3038 235 3092 te
248 3035 433 3113 dereliquert
448 3040 641 3101 adclamasti:
657 3042 709 3117 qui
722 3059 810 3103 cruce
825 3050 878 3104 tue
892 3046 945 3104 hc·
962 3046 1131 3130 croluerc,
1152 3048 1181 3103 et
1194 3044 1323 3103 clemens
1338 3058 1389 3102 erc
1402 3044 1433 3102 in
1459 3058 1550 3117 quem
1566 3042 1641 3102 mihi
1664 3042 1821 3118 placuerit.

115 3121 234 3180 minem
244 3132 367 3198 peceato
379 3129 529 3201 perditum
539 3133 711 3206 redemisii;
723 3132 866 3208 illumque
878 3151 945 3209 pec·
998 3141 1188 3210 Rursumque
1202 3135 1244 3193 ait
1255 3135 1335 3192 :Non
1345 3133 1456 3206 poteris
1465 3132 1566 3191 videre
1576 3131 1684 3190 taciem
1700 3148 1801 3191 meam
1814 3142 1824 3194 :

117 3212 177 3268 eati
187 3218 341 3273 auctorem
352 3219 470 3275 eetemis
486 3236 627 3279 arsurum
635 3222 756 3292 ignibus
775 3223 919 3281 tradidisti
936 3245 943 3282 :
998 3239 1062 3284 non
1077 3225 1156 3281 euim
1170 3222 1284 3280 videbit
1294 3237 1342 3279 me
1354 3221 1463 3280 bomo:
1476 3227 1505 3278 et
1515 3221 1608 3279 vivet.
1640 3223 1673 3278 e:
1699 3223 1826 3279 iterum:

117 3301 312 3372 postulemus
321 3309 753 3379 sauctamclementiamtuam,
765 3317 797 3369 ut
810 3328 877 3382 nos,
893 3315 945 3387 qui
998 3313 1083 3385 Ecce,
1099 3310 1347 3386 inquit,estlccus
1355 3310 1438 3384 apud
1450 3326 1509 3376 me,
1523 3312 1551 3365 ei
1564 3308 1658 3366 stabis
1673 3325 1765 3384 supra
1774 3325 1827 3383 pe·

117 3389 148 3445 in
159 3393 190 3447 te
204 3393 365 3464 credimus,
389 3413 558 3471 numquam
568 3399 758 3475 derelinquas
768 3416 775 3470 ;
785 3417 839 3460 nec
854 3404 946 3461 confi·
998 3403 1224 3474 tramcumque
1239 3397 1374 3456 transibit
1381 3397 1477 3471 glorie
1488 3412 1566 3464 mea,
1573 3412 1688 3469 ponam
1698 3401 1725 3455 te
1742 3397 1773 3454 in
1785 3397 1829 3455 tc·

117 3477 255 3538 dentiam
277 3489 449 3545 nostrama
471 3493 523 3546 tua
547 3490 877 3564 Deitaterepeiiaszsed
892 3509 946 3566 per
998 3491 1114 3548 ramine
1133 3493 1235 3564 poue,
1254 3492 1283 3545 et
1306 3491 1463 3561 protegam
1484 3485 1607 3542 dextera
1629 3501 1708 3556 mea,
1731 3485 1827 3545 donec

117 3565 200 3625 dem
213 3569 378 3630 clamorem
391 3581 527 3633 nostrum
541 3577 666 3651 suscipe,
688 3584 718 3636 et
731 3579 762 3636 in
777 3585 864 3638 nocte
875 3582 943 3654 ipla-
998 3587 1166 3637 transeam:
1178 3575 1341 3649 tollamque
1353 3589 1479 3632 manum
1489 3589 1599 3643 meam,
1612 3573 1764 3632 etvidebis
1773 3589 1826 3648 pc-

117 3655 235 3713 citctibi
242 3657 385 3720 famulatu
396 3664 944 3742 servireconcede:semperquecorda
997 3667 1122 3726 steriora
1137 3679 1218 3722 mea:
1235 3663 1453 3722 inclamantem
1463 3661 1824 3736 meamviderenonpote·

116 3745 395 3806 nostrainamcrem
403 3751 613 3825 tuiiragrautia
622 3755 766 3826 spirituali
774 3759 942 3818 succende:
996 3757 1049 3814 ris.
1057 3754 1145 3826 (cap.
1153 3751 1300 3826 xxxiv.)ilt
1310 3752 1347 3808 de
1355 3767 1412 3808 nce
1420 3756 1448 3808 te
1460 3765 1643 3825 consurgens
1652 3751 1823 3809 ascenditin

116 3835 145 3886 0¹
156 3835 287 3902 &iniiam
296 3853 389 3911 quam
404 3841 557 3913 peccando
563 3842 729 3912 amisimus,
741 3845 943 3905 convertendo
995 3849 1131 3902 montem
1140 3838 1823 3913 Sinai,sicuteipraeceperatDominus‚pcrtans

116 3919 252 3977 restitue.
268 3935 301 3995 u.
316 3927 425 3986 Amen.
997 3930 1182 3990 secumduas
1191 3927 1456 4001 tubulcatlumque
1464 3927 1668 3986 descendisset
1677 3928 1823 3987 Dominus

153 4010 210 4064 Per
219 4009 463 4073 misericordiam.
995 4035 1050 4096 per
1059 4017 1177 4086 nubem,
1197 4015 1276 4074 stetit
1289 4019 1406 4090 lloyses
1417 4031 1486 4072 cum
1501 4030 1536 4074 ec
1550 4015 1695 4074 invocans
1712 4030 1827 4074 nomen

152 4105 188 4166 le.
206 4098 374 4159 Benetaciet
390 4104 479 4162 nobis
489 4103 578 4173 Deus,
588 4109 617 4164 et
626 4105 731 4164 liberet
753 4123 807 4165 nos
831 4107 944 4168 abone
997 4107 1126 4165 Domini.
1147 4107 1212 4176 Quo
1221 4109 1393 4164 transeunte
1408 4120 1512 4163 coram
1529 4105 1636 4176 ec,alt:
1653 4106 1827 4164 Dominator

115 4181 210 4238 nibus
225 4185 324 4253 malie,
338 4189 372 4246 P.
388 4191 421 4246 a:
431 4192 522 4250 donet
535 4208 637 4266 pacem
651 4194 681 4250 in
694 4193 940 4260 diebusnostris:
996 4195 1123 4254 Domine
1146 4197 1233 4264 Deus,
1261 4195 1431 4252 misericors
1453 4197 1483 4251 et
1497 4193 1637 4262 clemens,
1653 4195 1771 4268 patiens
1795 4197 1825 4252 et

116 4268 149 4330 r.
164 4271 324 4331 inluminet
333 4277 449 4336 vultum
472 4296 562 4337 suum
574 4297 664 4355 super
678 4297 743 4350 nos,
758 4289 788 4341 et
807 4283 942 4344 miserea—
996 4284 1099 4342 multae
1113 4281 1322 4351 miserationis,
1341 4298 1482 4351 aeverus,
1502 4281 1555 4356 qui
1569 4282 1701 4341 custodis
1714 4283 1828 4342 miseri·

114 4363 166 4414 tur
179 4359 281 4418 nobis.
291 4363 325 4421 P.
340 4367 374 4423 Et
386 4366 486 4426 donet.
502 4367 533 4431 i.
545 4369 652 4443 Gloria,
673 4375 701 4429 et
719 4371 826 4429 honor.
837 4384 870 4447 lp.
890 4373 943 4432 Be-
958 4411 982 4470 D
997 4373 1131 4430 cordiam
1141 4373 1172 4428 in
1184 4371 1296 4429 millia:
1311 4371 1360 4444 qui
1375 4370 1474 4429 aufers
1489 4371 1687 4445 iniquitatem,
1712 4374 1741 4430 et
1767 4387 1828 4428 see·

113 4445 261 4508 ssefssciai·
996 4461 1068 4530 iera,
1084 4463 1173 4534 atque
1183 4464 1315 4534 peccata,
1335 4457 1497 4532 nullusque
1510 4458 1592 4531 apud
1604 4463 1630 4516 te
1640 4474 1695 4532 per
1703 4460 1827 4518 seinno·

429 4543 461 4599 lc
471 4540 627 4601 laudicea
996 4565 1067 4606 cens
1077 4555 1132 4605 est:
1143 4547 1196 4621 qui
1206 4547 1306 4604 reddis
1317 4545 1506 4620 iniquitatem
1521 4550 1642 4620 patrum
1652 4547 1683 4604 iu
1694 4545 1782 4614 tilios,
1795 4546 1825 4603 in

153 4625 464 4694 antecameram
481 4630 747 4691 iacieml’sclmus
770 4651 799 4692 a.
819 4634 936 4694 Oratio.
996 4638 1147 4695 tertiumsi
1157 4634 1828 4710 quartamgeneraticnem‚Festinnsquelloy·

112 4717 223 4773 Averte
237 4717 345 4774 taciem
354 4722 448 4777 tuam.
458 4720 516 4790 (ct.
534 4723 579 4776 98.
995 4742 1053 4791 ses,
1067 4729 1207 4782 curvatus
1222 4729 1386 4801 estpronus
1396 4723 1425 4779 in
1436 4726 1555 4790 terram,
1569 4729 1597 4780 et
1612 4722 1743 4780 adorans
1758 4721 1799 4778 aii
1814 4737 1822 4778 :

149 4806 200 4862 Ad
214 4806 377 4864 Canticum.
400 4809 584 4880 Antiphone,
599 4809 639 4866 a:
666 4811 832 4869 Canticum.
862 4813 941 4871 Deus
997 4815 1026 4872 si
1037 4813 1136 4870 inveni
1149 4813 1479 4886 gratiamineonspeotu
1491 4816 1542 4869 tuo
1558 4807 1820 4876 Domine,obsecro

113 4894 210 4951 Patris
226 4895 329 4953 nostri.
341 4897 397 4966 sci.
417 4897 469 4954 100
482 4905 509 4954 et
523 4899 584 4955 iol.
995 4904 1028 4957 ut
1041 4901 1186 4972 gradieris
1201 4901 1354 4959 nobiscum
1366 4899 1502 4973 (populus
1514 4897 1596 4955 enim
1605 4898 1688 4955 dure
1697 4897 1820 4956 cervicis

152 4983 397 5042 Matutincrr'um.
424 4985 466 5043 sit
484 4986 625 5058 splendor
644 4988 759 5045 Domini
784 4989 836 5046 Dei
847 4991 943 5048 nostri
997 4993 1049 5062 esti
1064 4994 1095 5045 ut
1109 4989 1227 5046 auteres
1247 4988 1417 5062 iniquitates
1432 4991 1552 5045 nostras
1572 4989 1661 5059 atque
1685 4992 1822 5062 peccata,

117 5087 208 5144 super
218 5088 285 5143 nos,
294 5071 327 5128 P.
342 5075 375 5130 a:
397 5089 489 5146 opera
500 5090 645 5132 manuum
665 5082 837 5134 nostrerum
849 5077 942 5151 dirige
997 5093 1113 5152 nosque
1127 5075 1291 5150 possideas.
1306 5075 1468 5150 Despondit
1481 5075 1625 5132 Dominus
1637 5091 1644 5131 :
1656 5076 1717 5146 Ego
1740 5073 1825 5132 inibo

118 5175 286 5232 supernos.
301 5160 334 5222 i.
348 5163 469 5234 Respice
481 5163 512 5220 in
536 5178 638 5220 servos
650 5169 728 5237 tuos3
744 5170 773 5223 et
794 5167 825 5223 in
851 5181 944 5241 opera
997 5171 1120 5239 pactum
1133 5166 1302 5223 urentibus
1317 5162 1645 5237 cunctis,signataciam
1657 5179 1726 5238 quer
1741 5179 1830 5221 uum-

120 5250 180 5304 tua:
192 5253 224 5305 et
246 5247 341 5320 dirige
354 5249 432 5308 tilios
450 5265 559 5308 eorum.
568 5251 601 5306 P.
618 5254 652 5309 Et
669 5266 774 5326 opera.
786 5254 817 5316 t.
835 5255 942 5322 Gloria,
998 5269 1091 5328 quam
1100 5255 1164 5312 risa
1178 5258 1244 5311 sunt
1256 5269 1346 5329 snper
1355 5255 1507 5318 terram,et
1519 5250 1550 5309 in
1563 5251 1653 5310 nuliis
1667 5253 1806 5324 gentibus
1821 5268 1829 5310 :

122 5339 148 5390 et
157 5337 266 5394 honor.
284 5339 322 5394 P.
341 5341 375 5395 Et
389 5355 490 5412 opera.
997 5344 1031 5398 nt
1044 5344 1145 5398 cernat
1159 5341 1331 5415 populus,in
1347 5342 1478 5414 cujusce
1492 5339 1602 5408 medio,
1616 5356 1694 5415 opus
1711 5339 1831 5397 Domini

149 5427 272 5484 Lenda.
286 5429 319 5483 iu
333 5430 444 5485 sanctis
455 5429 529 5500 ejus.
542 5429 711 5499 Propterea.
719 5430 853 5488 lliserere
865 5433 944 5489 Deus
998 5427 1128 5488 terribile
1138 5429 1220 5503 quod
1245 5429 1377 5488 tacturus
1393 5445 1471 5486 sum.
1483 5427 1614 5489 Observa
1629 5433 1737 5488 cuncta
1761 5443 1830 5504 quae

115 5515 271 5575 omnibus.
285 5518 341 5587 [ct.
356 5521 419 5575 stc.
437 5517 587 5588 Hymnus.
604 5517 806 5590 Benignitetis.
826 5519 883 5590 sci.
899 5523 943 5578 69.
999 5517 1092 5578 hodie
1104 5517 1220 5578 mando
1231 5517 1295 5578 tibi.
1311 5529 1348 5593 n.
1365 5519 1474 5580 Amen.
