4117 6175
310 294 378 359 ital
949 271 1394 340 ausuraaruucorurcuu.
1923 285 1976 346 ΜΞ

308 424 340 482 in
361 420 514 481 serictate
534 414 682 487 unigeniti
697 410 758 471 ritii
775 410 819 471 tui
835 408 947 485 gaudio
965 402 1171 465 Christianos
1188 406 1331 466 somatris
1345 408 1428 465 utero
1435 402 1636 463 sacrificatus
1644 403 1975 479 procederet;sauetiiea·

309 510 491 574 adtoliimur,
506 507 535 563 in
549 503 679 561 adventu
688 498 792 575 judicii
801 502 866 575 ejus
877 496 964 556 nullis
975 512 1133 571 poenarum
1188 495 1276 553 tionis
1286 500 1345 553 tua
1361 510 1416 551 nos
1427 492 1518 551 indue
1528 494 1672 562 libertate,
1685 498 1717 550 ut
1726 495 1831 569 Spiritu
1844 498 1973 559 Sensuro

308 600 433 659 vinculis
447 597 668 655 contristemur.
682 604 714 665 tp.
729 598 833 649 Amen.
1186 584 1267 660 pieri,
1283 584 1478 641 murulialrum
1489 600 1627 642 curarum
1640 583 1719 641 fasee
1731 584 1871 659 depmsito,
1883 589 1974 663 bugeio

343 694 398 749 Per
409 684 656 747 misericordiam.
1186 684 1254 729 rum
1273 688 1444 729 mereamur
1458 673 1586 729 adunari
1596 676 1755 731 consortio.
1771 685 1805 748 ip.
1815 674 1911 733 Amen.

343 777 511 839 innomine
525 772 654 833 Domini.
1223 758 1280 819 Par
1294 760 1542 818 misericordiam.

592 864 635 921 riri
654 862 849 919 Matutiuum.
1223 851 1391 921 tutipbouo
1404 854 1434 907 3.
1454 849 1974 919 ruthomomissussnso,cuiuuuu

343 962 493 1031 Hymnus.
507 950 625 1012 AEterne
638 966 739 1009 rerum
755 948 906 1008 conditor.
927 944 982 1019 sol.
998 946 1025 1004 2.
1188 942 1252 996 erat
1263 937 1404 997 loannes.
1415 938 1467 997 iiic
1477 939 1596 996 venitin
1606 940 1810 1001 testimonium
1821 942 1865 999 :a
1875 944 1974 1002 [ittota-

346 1049 458 1105 Orutio.
474 1043 598 1101 Domine
610 1044 688 1098 Deus
703 1042 786 1097 Pater
800 1036 992 1111 omnipotens
1005 1032 1134 1106 inspira·
1187 1031 1269 1085 retur
1282 1028 1320 1087 de
1334 1027 1399 1084 luce
1411 1046 1419 1098 ;
1433 1031 1466 1083 ut
1475 1043 1581 1085 omnes
1595 1026 1719 1086 credant
1732 1045 1785 1106 per
1796 1046 1871 1087 enm.
1884 1028 1911 1095 it.
1924 1032 1975 1089 teu

307 1142 355 1196 tor
364 1150 495 1210 precum,
510 1138 598 1206 teque
607 1128 811 1187 invocantium
824 1126 910 1184 velox
921 1125 1056 1191 auditor;
1069 1121 1134 1179 voci
1189 1116 1231 1174 sic
1243 1116 1435 1173 benedicetur
1449 1116 1551 1181 bomo,
1566 1116 1616 1188 qrsi
1639 1116 1722 1175 timet
1745 1117 1904 1180 Dominum.
1917 1122 1941 1177 P.
1953 1121 1975 1177 t't

306 1231 428 1293 nostrie,
444 1238 578 1291 cramus,
595 1218 758 1279 clementias
772 1224 830 1274 tum
845 1230 948 1274 aurem
959 1228 1087 1289 appone,
1108 1216 1135 1269 te
1190 1210 1352 1263 testaretur.
1367 1204 1398 1266 l.
1413 1205 1519 1271 Gloria,
1533 1211 1562 1262 et
1575 1204 1682 1263 bonor.
1698 1208 1734 1264 P.
1759 1209 1794 1267 Ut
1806 1212 1950 1266 testaretur.
2018 1265 2019 1280 ,

306 1303 1135 1381 nostrorumvinculapeccaminumpotentimiseratione
1227 1297 1340 1354 Oratio.
1357 1298 1451 1352 ilcruo
1466 1295 1605 1353 missusa
1618 1301 1655 1361 te.
1667 1296 1791 1366 Christe,
1805 1298 1930 1364 ioannes,
1940 1297 1975 1355 tbi

308 1400 454 1461 dissolve:
467 1416 502 1458 ac
513 1400 589 1455 sicut
598 1413 654 1454 nos
665 1396 812 1467 gallorum
823 1392 983 1451 canoribus
996 1390 1036 1448 ad
1046 1396 1138 1445 matu-
1189 1385 1360 1443 redditurus
1373 1384 1575 1441 testimonium
1587 1385 1617 1441 in
1628 1384 1868 1445 mundoadvenit
1878 1385 1977 1460 :quinti
2018 1399 2019 1418 ¹

308 1492 406 1550 tinum
417 1488 512 1562 gratia
520 1501 666 1562 provocas
676 1498 866 1556 consurgere,
876 1479 1077 1557 etprcpbetali
1086 1496 1135 1537 va·
1189 1474 1385 1549 queeiiectus
1399 1474 1516 1531 initium
1532 1474 1635 1545 gratiae
1647 1479 1806 1533 testaretur
1818 1474 1854 1531 de
1864 1476 1919 1533 luce
1928 1491 1976 1533 een·
2018 1467 2019 1512 Τ

307 1579 409 1638 ticinio
424 1580 454 1636 in
466 1578 565 1635 lucem
580 1574 716 1647 gentium
726 1574 823 1631 unica
838 1569 1052 1645 redemptionis
1063 1584 1137 1644 prse-
1190 1570 1319 1622 vertente
1333 1562 1426 1621 corda
1438 1564 1568 1620 filiorum
1583 1562 1623 1621 ad
1636 1570 1869 1649 patrcseorum
1882 1565 1916 1623 da
1925 1581 1976 1637 erge

307 1668 436 1729 bundas
451 1666 510 1737 ;ita
521 1682 602 1724 nunc
610 1662 857 1739 hymnizantibus
870 1660 958 1719 nobis
969 1658 1077 1717 intuitu
1091 1674 1137 1715 su·
1190 1652 1280 1711 uobis
1292 1654 1405 1710 meritis
1418 1651 1494 1725 ejus.
1505 1657 1537 1710 ut
1553 1653 1706 1711 conversis
1718 1653 1855 1713 cordibus
1866 1661 1977 1729 tssequa·

309 1772 403 1832 perno
414 1754 522 1813 adsiste
532 1770 540 1810 t
551 1754 595 1812 sic
605 1768 791 1827 quaesumus,
802 1748 1064 1810 famulatusncstri
1073 1754 1138 1806 vota
1152 1755 1175 1815 n
1192 1760 1260 1800 mur
1268 1762 1277 1815 ;
1287 1748 1329 1811 ut,
1338 1747 1367 1800 et
1377 1743 1401 1799 si
1414 1743 1583 1800 vitaucstra
1596 1742 1768 1801 testimonio
1786 1744 1889 1818 proprii
1898 1744 1976 1819 lapsus

309 1846 476 1919 suscipias,
491 1850 523 1901 ut
538 1844 576 1901 ad
591 1842 689 1901 lucem
697 1842 771 1899 lucis
784 1840 951 1902 abundanti
960 1855 1016 1898 nos
1026 1838 1136 1899 miseri·
1190 1834 1361 1907 impeditur,
1370 1831 1430 1890 tuis
1441 1839 1540 1890 tamen
1550 1832 1975 1891 muneribusdecoreturzutcuu

309 1936 414 1994 cordia
426 1932 611 1992 sublevando
629 1932 790 2009 perducas.
807 1940 841 2005 ip.
853 1932 957 1989 Amen.
1190 1928 1273 1981 tuam
1284 1922 1437 1979 fecerimus
1448 1921 1478 1978 iu
1488 1920 1833 1991 omnibusrcluntatem,
1843 1922 1976 1981 tibiscliri·

343 2022 661 2083 Permisericcrdiam.
1190 2011 1297 2070 deatur
1322 2013 1380 2070 vita
1403 2017 1509 2069 nostra
1539 2011 1744 2070 testimonium
1778 2010 1935 2071 reddidisse.
1952 2022 1975 2074 n.

342 2110 529 2184 Antiphone.
545 2114 621 2170 voce
644 2110 760 2171 mesad
772 2108 1138 2191 Dominumtclamavitet
1190 2106 1295 2160 Amen.

308 2202 461 2262 exaudivit
472 2218 520 2259 me
534 2202 572 2257 de
585 2204 686 2259 monte
701 2198 1084 2257 sanctosuo.Psotsuusu1.
1226 2192 1281 2249 Per
1294 2189 1542 2249 misericordiam.

343 2285 531 2363 Antiphone.
545 2287 636 2345 tabis
650 2304 728 2356 mea,
750 2287 887 2357 Domine,
901 2286 1016 2361 aperies
1032 2301 1039 2341 :
1056 2285 1087 2345 et
1102 2300 1137 2342 cs
1226 2287 1258 2351 lp.
1276 2278 1399 2352 Spiritus
1415 2277 1533 2337 bomini
1541 2294 1697 2353 superma,
1709 2282 1828 2355 propter
1838 2280 1976 2356 quodumi

308 2384 412 2442 inenm
426 2374 623 2437 adnunciabit
641 2376 764 2435 laudem
778 2381 872 2434 tuam.
887 2374 1028 2435 Psatmus
1039 2394 1064 2429 u.
1190 2385 1239 2427 me
1255 2386 1262 2425 ι
1278 2368 1355 2426 bene
1367 2368 1511 2425 nunciare
1530 2366 1679 2440 genubus.
1691 2366 1725 2425 P.
1739 2370 1814 2429 iiisit
1826 2386 1880 2439 me,
1898 2384 1976 2427 sanan

343 2468 529 2542 reciproca.
547 2464 717 2525 Conliiebor
731 2466 784 2525 tibi
797 2466 827 2523 in
844 2465 974 2541 populis,
989 2464 1136 2524 Domine:
1190 2457 1406 2518 contribulatos
1419 2458 1519 2530 corde,
1534 2457 1696 2533 praedicare
1703 2460 1828 2534 captivis
1838 2458 1977 2531 redemptio

307 2558 436 2635 psallam
451 2556 505 2617 tibi
516 2558 592 2615 inter
607 2560 722 2629 gentes.
737 2554 877 2614 Facimus
890 2572 944 2612 arr.
1189 2566 1269 2618 nem,
1288 2555 1318 2606 et
1331 2547 1418 2605 cecis
1436 2546 1561 2604 reddere
1583 2548 1695 2606 lumen.
1716 2546 1749 2612 t.
1774 2548 1895 2607 Ioannes
1906 2547 1976 2605 testifi-

343 2644 673 2708 OratiubdteDomine
681 2644 844 2704 clamorem
852 2648 961 2702 nostrre
970 2642 1139 2703 recisemil·
1190 2639 1316 2698 cabatur
1330 2641 1433 2705 Deum,
1448 2642 1478 2694 et
1488 2637 1640 2704 clamarit,
1650 2636 1754 2697 dicens
1772 2640 1854 2697 :Post
1863 2654 1907 2697 me
1914 2636 1976 2698 seuit

308 2738 418 2809 timus3
433 2736 557 2812 tibique,
577 2738 611 2793 ut
624 2751 681 2795 nus
696 2734 734 2793 de
749 2739 850 2793 monte
865 2738 969 2792 sancto
981 2738 1034 2791 tuo
1048 2749 1137 2792 exau·
1190 2730 1326 2805 quiante
1340 2742 1389 2785 me
1405 2726 1503 2785 iactus
1516 2730 1571 2784 ast.
1588 2726 1639 2797 λ’.
1654 2726 1736 2787 llisit.
1754 2727 1788 2792 r.
1803 2728 1901 2796 Gloria,
1912 2726 1977 2787 etbo

309 2829 386 2899 dias,
402 2827 629 2905 supplicamus:
650 2830 688 2897 et,
703 2824 775 2901 quia
796 2828 828 2885 tu
848 2824 926 2882 nosti
942 2822 1137 2896 subjectionis
1191 2833 1258 2877 nor.
1274 2818 1310 2875 P.
1328 2817 1414 2873 llisit.

308 2922 422 2977 nostras
431 2915 560 2983 infirma,
569 2915 676 2973 rututs
687 2930 744 2971 nos
755 2914 881 2972 dexterea
891 2911 1136 2972 tuoecorrobora:
1228 2908 1339 2967 Oratio.
1356 2907 1434 2963 Deus
1455 2909 1552 2977 Peter,
1569 2904 1624 2981 qut
1636 2905 1789 2967 unctionis
1802 2913 1856 2967 tua
1869 2905 1977 2981 Spiritum

307 2999 1139 3077 delemalanoeentia;etedsequendumteccrdaescita
1192 3013 1283 3071 super
1294 2998 1444 3054 ioannem
1454 3010 1583 3069 puerum
1597 2996 1759 3064 contulisti,
1779 3012 1836 3073 quc
1849 3008 1977 3073 precursor

309 3097 432 3150 nostra:
448 3107 520 3149 nam
537 3093 610 3166 quia
627 3089 735 3148 salvari
749 3107 802 3165 per
814 3108 845 3148 se
861 3107 922 3150 nen
944 3091 1068 3152 confidit
1080 3094 1174 3178 buc
1191 3088 1314 3148 eiiectus
1337 3084 1485 3158 Unigeniti
1499 3084 1704 3162 Redemptcris
1718 3104 1825 3164 pacem
1840 3086 1977 3164 madunt

307 3195 402 3240 mana
415 3179 561 3252 fragilitas
573 3195 580 3250 ;
597 3178 703 3258 eripiat
713 3177 832 3238 animas
841 3186 961 3240 nostras
972 3181 1087 3244 emissa
1100 3181 1138 3242 de
1191 3181 1223 3239 iu
1238 3177 1369 3253 populis,
1384 3181 1414 3235 et
1424 3176 1590 3249 lugentium
1604 3177 1690 3236 daret
1703 3179 1850 3250 gaudium
1859 3173 1977 3248 rotispui

309 3269 385 3330 cmlo
399 3267 606 3328 misericordia
620 3271 684 3328 tua.
701 3279 735 3342 ip.
750 3269 855 3328 Amen.
1191 3268 1296 3344 plenus
1303 3272 1381 3325 esset
1391 3265 1497 3338 spiritu
1503 3265 1633 3324 veritatis
1642 3265 1758 3340 ,praebe
1765 3269 1918 3328 nobistauti
1925 3263 1977 3320 rati

344 3363 398 3420 Per
413 3357 661 3418 misericordiam.
1191 3357 1358 3417 munimine
1371 3371 1486 3414 annum
1499 3353 1676 3429 placabilem
1690 3357 1813 3430 ducere,
1824 3364 1852 3418 et
1864 3359 1891 3414 iu
1902 3353 1979 3414 sacci·

344 3447 522 3524 Antipltouo
539 3453 564 3510 t.
577 3449 681 3508 Omnis
696 3445 754 3518 lex,
775 3451 805 3510 ct
819 3445 973 3526 prophetas
990 3448 1140 3526 usquead
1191 3452 1252 3507 tate
1265 3444 1478 3519 etiustitiatibi
1490 3444 1634 3519 usquead
1647 3445 1979 3507 nostrumobitumdsser·

308 3541 456 3600 ioannem
466 3540 722 3616 prophetaverunt
735 3553 741 3594 :
756 3539 784 3598 et
795 3537 916 3596 sivultis
926 3539 1010 3610 seire.
1022 3537 1140 3615 ipsecst
1191 3539 1252 3595 vire
1269 3553 1348 3612 :quo
1362 3541 1391 3594 et
1403 3535 1433 3592 in
1443 3535 1501 3592 bae
1515 3535 1576 3592 vita
1586 3539 1645 3594 tuus
1655 3534 1825 3596 dulcedinis
1838 3537 1951 3594 mcum.
1961 3535 1978 3586 tl

309 3631 417 3697 ileliae,
431 3627 484 3704 qui
504 3634 649 3688 venturus
665 3631 719 3687 est.
736 3629 772 3688 P.
787 3625 949 3700 Quibabet
968 3644 1139 3690 auremau-
1191 3627 1222 3685 in
1237 3631 1381 3684 aternum
1399 3623 1554 3698 capiamus
1576 3622 1724 3698 audium
1737 3629 1943 3704 sempiternum.
1957 3631 1978 3682 n·
2017 3644 2018 3699 p

310 3718 424 3786 diendi,
438 3717 550 3778 audiat·
567 3715 598 3784 ii.
612 3717 699 3788 dudi,
718 3717 848 3794 populus
859 3733 955 3794 meus,
970 3718 1137 3796 stloquar3
1192 3716 1297 3774 Amen.

310 3806 411 3878 lsrael,
426 3811 455 3865 et
461 3806 642 3866 testificabor
654 3801 707 3866 tibi
719 3823 726 3863 ι
739 3811 816 3866 Deus
825 3809 904 3866 Deus
912 3813 980 3866 tuus
995 3824 1062 3867 sum
1071 3825 1138 3884 ego.
1227 3809 1281 3864 Per
1290 3801 1538 3864 misericordiam.

309 3895 345 3956 P.
361 3895 418 3966 Qui
431 3894 535 3956 babet.
552 3891 584 3959 ll.
601 3896 708 3966 Gloria,
720 3902 748 3956 et
762 3898 867 3956 bonor.
883 3897 916 3956 P.
929 3899 984 3966 Qui
998 3897 1101 3958 babet
1493 3894 1530 3950 lu
1552 3892 1714 3955 Laudibus.

346 3985 484 4064 [oanni]
498 3985 612 4046 Oratio.
633 3985 784 4046 Credimus
807 3987 930 4046 bomine
950 3985 1033 4056 iesu,
1055 3988 1139 4064 quod
1226 3979 1451 4042 accentuum.
1466 3983 1654 4052 Antiphone.
1666 3983 1705 4041 tie
1720 3987 1809 4044 nocte
1821 3978 1977 4057 rip'tatspir's

310 4075 478 4136 Praecursor
500 4082 567 4136 tuus
586 4075 727 4148 loannes,
742 4075 824 4152 quod
849 4078 1002 4152 Propheta
1024 4079 1056 4136 in
1069 4077 1139 4136 ani·
1191 4079 1239 4134 tus
1254 4090 1339 4130 meus
1348 4073 1387 4131 ad
1400 4079 1438 4139 te,
1454 4072 1533 4129 Deus
1550 4073 1642 4146 :quia
1653 4073 1705 4132 iux
1716 4081 1865 4150 praecepta
1877 4074 1975 4134 tuasnrt

312 4165 1136 4239 amateprophetaverunt,tpseuigitoostendit,dicens:
1192 4169 1417 4239 superterram.

311 4255 497 4328 arrengum
508 4253 627 4326 lisi,qui
640 4251 878 4326 tollitpeceaturn
889 4255 1138 4317 mundiProinde
1228 4253 1394 4311 cauticum.
1411 4251 1549 4309 Denccte
1562 4251 1674 4324 vigilat.
1687 4254 1744 4326 soi.
1757 4257 1805 4313 ci.

312 4350 340 4403 te
350 4358 528 4420 quaesumus
540 4346 569 4398 et
586 4356 740 4412 rogamus,
756 4345 798 4408 ut,
818 4342 870 4416 qui
886 4342 976 4415 primi
992 4343 1138 4405 adventus
1227 4343 1276 4401 Ad
1288 4343 1470 4402 Benedictus.
1487 4339 1672 4412 scriptum
1686 4344 1770 4401 Serri
1784 4344 1845 4412 Dei,
1855 4342 1977 4402 bominum

312 4431 525 4492 tuisenturum
534 4434 560 4487 ie
570 4427 752 4501 predicavit,
765 4427 796 4488 in
810 4430 944 4489 seeundo
955 4439 1136 4505 aventutuo,
1191 4432 1357 4490 benedicite
1378 4447 1384 4489 :
1400 4431 1472 4505 quia
1492 4446 1545 4487 ros
1556 4432 1634 4488 eruit
1645 4432 1685 4492 ab
1699 4432 1816 4501 inieris,
1829 4435 1900 4494 etos
1913 4442 1978 4490 mauu

312 4519 387 4580 dnm
396 4517 531 4592 judicare
543 4519 660 4576 veneris
668 4517 753 4577 vivos
765 4523 793 4578 et
802 4524 944 4590 mortuos,
955 4538 1011 4583 nos
1020 4524 1060 4583 ad
1068 4525 1139 4586 dex·
1191 4523 1296 4580 mortis
1309 4521 1447 4580 liberavit
1459 4537 1525 4578 vos.

312 4610 408 4670 ieram
421 4613 503 4668 luam
514 4607 705 4666 coronandos
718 4613 841 4668 statuas.
859 4619 891 4684 tp.
910 4615 1017 4672 Amen.
1229 4612 1399 4670 Canticum.
1420 4610 1598 4668 Benedictus
1615 4625 1657 4680 cs,
1672 4611 1808 4672 Domine.
1822 4609 1879 4686 fot.
1894 4618 1917 4669 t.

348 4699 404 4758 Per
416 4697 664 4756 misericordiam.
1226 4699 1308 4758 Sero.
1324 4701 1401 4757 Deus
1408 4699 1562 4773 praeluxit
1569 4716 1628 4760 me.
1636 4700 1780 4771 Quereris
1797 4702 1978 4772 vespe-ism·

348 4789 524 4862 Autipboaa
535 4793 562 4845 2.
577 4791 705 4848 loannes
716 4787 770 4848 erit
783 4789 967 4866 gaudiumet
977 4792 1138 4854 exultatio:
1192 4789 1372 4848 cedentibus.

313 4879 370 4938 erit
383 4880 463 4936 enim
486 4894 616 4950 magnus
640 4895 737 4937 eoram
756 4879 904 4940 nomino:
925 4880 961 4939 Ρ.
981 4883 1139 4958 etapium
1228 4877 1341 4936 nauca
1351 4876 1481 4935 laudate
1492 4877 1698 4938 nominumde
1707 4875 1979 4940 coruscaturum·

314 4971 423 5030 Sancto
432 4967 595 5042 replebitur
603 4965 703 5028 adbuc
714 4969 743 5027 in
752 4969 857 5028 matris
866 4975 958 5028 utero
969 4970 1077 5030 Beatus
1083 4973 1138 5042 vir,
1192 4968 1261 5028 date
1274 4981 1345 5026 eum
1359 4968 1390 5024 in
1405 4965 1542 5023 excelsis.
1553 4967 1689 5028 Alleluia.
1701 4969 1839 5030 Psctnrur
1850 4981 1943 5028 mnu.

313 5059 455 5136 quitimet
465 5059 625 5118 bominum
638 5081 644 5118 ι
655 5060 687 5117 in
697 5057 848 5117 mandatis
856 5059 922 5132 elus
934 5060 1139 5136 cupietnimis.
1293 5057 1388 5115 Lectio
1400 5057 1471 5114 libri
1483 5057 1584 5115 Esaia·
1596 5057 1751 5128 Prophetis
1762 5060 1852 5132 (Cup.
1864 5060 1917 5129 τι).

312 5143 345 5206 P.
359 5147 393 5206 Et
407 5147 523 5222 spiritu.
537 5146 571 5212 i.
598 5147 707 5216 Gloria,
725 5153 755 5204 et
766 5147 874 5206 honor.
889 5149 922 5206 P.
939 5151 970 5208 dt
987 5151 1104 5224 spiritu.
1228 5155 1263 5224 n.
1279 5151 1339 5206 ileo
1353 5147 1478 5218 gratias.

349 5235 1139 5312 Oratiobomineiesudbriste,quinoosoiumnati·
1229 5233 1978 5315 consolamini‚consolaminipopulusmeus,dicitiio

311 5325 402 5386 ritate
425 5325 616 5384 Praecursoris
637 5325 679 5383 tui
693 5326 816 5382 ioannis
832 5325 942 5385 multos
966 5330 1099 5399 gaudere
1112 5335 1141 5390 et
1193 5325 1294 5388 minus
1308 5328 1383 5386 Deus
1394 5337 1502 5385 vester.
1523 5329 1691 5404 loquimini
1705 5329 1744 5390 ad
1758 5323 1978 5388 eorltierusclem·
2015 5304 2017 5459 Ι

311 5409 443 5476 exultare
455 5413 655 5490 pronuncias,
666 5413 719 5472 sed
733 5413 829 5488 ipsum
856 5430 977 5490 quoque
993 5418 1140 5478 ioannem
1194 5423 1222 5478 et
1236 5423 1338 5477 vocate
1347 5433 1431 5476 eam:
1442 5417 1589 5492 quioniam
1598 5419 1747 5493 completa
1759 5424 1802 5478 cst
1814 5414 1977 5480 manuarias

312 5500 1137 5578 gaudiumetexultationcmiuturumessesignificas:ut,
1193 5507 1319 5568 dimissa
1329 5515 1374 5566 est
1386 5507 1527 5581 iniquitas
1538 5507 1617 5566 illius
1633 5521 1640 5566 r
1656 5507 1787 5583 suscepit
1799 5509 1836 5566 de
1852 5499 1977 5564 manullo

312 5589 366 5662 qui
377 5591 564 5656 teinmundo
574 5591 873 5666 magnificisuocibus
883 5595 1141 5672 nunciaretabip·
1193 5597 1267 5655 mini
1282 5597 1415 5672 duplicia
1426 5613 1483 5671 pro
1497 5597 1641 5662 omnibns
1652 5599 1782 5675 macuto
1794 5597 1865 5660 snb.
1879 5598 1932 5653 vox
1941 5586 1979 5646 eb·
