4117 6175
139 351 212 410 toea

212 476 298 546 Quod
312 477 368 536 sub
382 479 500 554 profani
519 480 588 540 labe
611 484 736 559 periculi

211 568 332 628 Castum
344 568 476 642 lupanar
490 588 546 630 nee
561 573 700 632 violabile

209 659 333 732 espessa
345 659 447 717 victrix
458 661 614 732 virginitas
634 664 719 722 foret.

208 747 282 804 Sunt
290 748 343 822 qui
358 754 495 822 rogatum
507 751 658 810 retulerint
671 770 785 828 preces,

208 835 331 894 Fudisse
342 837 465 906 Christo,
482 839 619 898 redderet
647 847 678 900 ut
690 857 742 900 reo

209 926 318 982 Lucem
323 926 434 997 jacenti
450 945 457 995 ;
473 931 536 985 tum
551 929 664 988 invenit
684 931 821 990 halitum.

207 1015 278 1073 vite
293 1016 466 1074 innovatum
477 1017 583 1074 usibus
592 1019 715 1097 integris

206 1105 330 1162 Primum
347 1123 354 1162 ε
371 1103 425 1161 sed
434 1109 533 1178 Agnes
546 1108 627 1166 huuc
637 1110 743 1169 habuit
757 1111 905 1182 gradum:

206 1193 337 1252 Caelestis
351 1193 428 1252 aulae
444 1212 516 1252 mox
535 1196 611 1255 alius
627 1199 726 1261 datur.

204 1285 355 1340 accensus
366 1283 453 1355 iram,
472 1300 535 1342 non
556 1285 638 1344 furor
650 1288 763 1358 incitat,

204 1372 300 1428 Hostis
315 1377 465 1440 eruentus,
481 1375 595 1444 vincor,
607 1377 657 1443 ait,
673 1393 815 1450 gemens:

202 1459 318 1534 Stringe
333 1460 445 1519 terrum
458 1462 554 1535 miles,
584 1469 612 1522 et
625 1481 711 1523 exere

199 1548 353 1622 Praecepta
366 1551 477 1624 summi
491 1551 575 1623 regia
588 1553 745 1630 Principis.

201 1639 236 1695 Ut
249 1636 324 1696 vidit
332 1641 441 1712 Agnes,
464 1644 543 1698 stare
557 1646 672 1700 trucem
693 1643 790 1708 virum
805 1661 812 1704 :

199 1730 337 1785 llucrone
352 1729 447 1797 nudo,
461 1729 582 1788 laetitior
595 1732 661 1790 haec
680 1733 742 1792 ait:

200 1815 306 1874 exulto
320 1815 387 1874 talis
400 1817 483 1892 quod
507 1819 607 1892 potius
620 1823 710 1903 venit,

200 1905 344 1972 Vesanus,
361 1910 456 1973 atrox,
473 1907 613 1966 turbidus
623 1911 763 1981 armiger,

200 1995 297 2061 Quam
312 1994 338 2050 si
352 1995 465 2053 veniret
487 1995 651 2068 languidus
662 2015 699 2056 ac
718 2004 811 2075 tener,

200 2081 353 2158 llollisque
374 2083 527 2160 Ephoebus
541 2085 652 2144 tinctus
666 2094 812 2162 aromate,

203 2169 260 2238 Qui
272 2186 320 2228 me
334 2172 458 2246 pudoris
477 2171 581 2232 iuuere
592 2175 739 2248 perderet.

200 2259 253 2316 Hic
265 2260 314 2317 hic
329 2266 456 2332 amator,
465 2263 530 2334 jam
557 2263 660 2332 lateor,
676 2266 793 2339 placet:

200 2349 253 2405 lbo
265 2349 405 2408 irruentis
417 2351 568 2422 gressibus
594 2352 721 2422 obviarn,

198 2441 256 2496 Nec
270 2437 452 2498 demorabor
466 2445 535 2499 vota
552 2441 689 2515 calentia,
769 2431 778 2447 ‘

199 2527 321 2584 Ferrum
333 2527 365 2585 in
386 2529 513 2602 papillas
527 2545 617 2589 omne
642 2547 793 2607 recepero,

197 2617 360 2699 Pectusque
370 2616 482 2674 adimet
491 2618 565 2689 vim,
585 2618 676 2692 gladii
689 2622 830 2698 traham

198 2705 244 2762 Sic
256 2709 351 2782 nupta
367 2706 482 2766 Christo
498 2707 665 2767 transiliam
691 2710 752 2784 poli
768 2731 776 2773 :

200 2796 310 2855 Omnes
325 2795 474 2865 tenebras,
500 2798 609 2854 aethere
625 2797 739 2856 celsior.

198 2886 315 2941 AEterue
328 2887 435 2942 Rector
449 2885 672 2958 dividejanuas

199 2973 268 3030 Coeli
283 2973 438 3032 obseratas
458 2975 615 3048 terrigenis
630 2975 723 3049 prius,

971 1837 991 1891 B

199 3066 240 3119 Ae
253 3066 280 3119 te
295 3068 483 3141 sequentem,
503 3063 626 3135 Christe,
643 3064 778 3122 animam
791 3079 868 3123 voca

198 3151 272 3208 Cum
285 3152 423 3225 virginali
438 3157 509 3211 tunc
529 3152 621 3211 Patris
634 3152 747 3215 hostia.

198 3239 324 3312 Siriata,
341 3242 489 3317 Christum
511 3242 620 3317 vertice
649 3258 760 3300 cernuo

197 3328 325 3405 Supplex
340 3328 468 3399 adorat;
484 3330 594 3407 vulnus
617 3335 650 3390 ut
670 3332 831 3411 imminens

199 3418 302 3475 cervix
318 3418 430 3477 subiret
447 3435 545 3495 prona
560 3420 705 3504 paratius.¹

196 3510 250 3563 Ast
258 3506 306 3564 ille
316 3511 431 3565 mutam
446 3524 531 3585 spem
553 3511 670 3586 peragit
686 3526 792 3588 manu,

193 3596 258 3652 lino
270 3594 328 3653 sub
342 3596 414 3663 ictu,
430 3612 503 3655 nam
512 3599 603 3673 caput
627 3604 775 3673 amputat,

193 3682 317 3739 Sensum
323 3684 436 3743 doloris
455 3702 538 3743 mors
550 3686 609 3743 cita
623 3688 767 3762 praevenit
783 3705 791 3748 :

194 3773 308 3829 Exutus
320 3772 391 3830 iude
404 3773 528 3846 spiritus
551 3775 661 3834 emicat
674 3792 683 3845 ;

193 3860 340 3939 Liberque
348 3862 379 3919 in
396 3878 487 3920 auras
498 3863 589 3934 exilit,
605 3864 710 3937 Angeli

194 3949 316 4022 Sepsere
331 3953 452 4016 euubm
472 3952 742 4011 tramitecandido.

193 4037 313 4095 iliratur
322 4039 427 4095 orbam
440 4039 498 4097 sub
513 4040 636 4113 pedibus
657 4040 748 4098 situm
763 4054 773 4101 ε

192 4125 312 4201 Spectat
328 4126 465 4185 tenebras
486 4128 583 4185 ardua
595 4127 732 4187 subditas
745 4145 753 4197 ;

192 4212 334 4289 Ridetque
345 4216 417 4274 solis
439 4216 522 4291 quod
535 4221 602 4275 rota
616 4217 736 4285 circuit;

193 4300 324 4377 [cxcvru]
336 4306 424 4373 Quod
442 4306 576 4363 mundus
601 4304 702 4363 omnis
728 4304 820 4365 volvit
844 4310 874 4365 et
895 4306 949 4367 im·

192 4394 390 4468 Rerumquod
403 4400 467 4453 atro
480 4395 600 4453 turbiue
611 4394 732 4465 vivitur,
844 4394 949 4492 [plicat

193 4480 279 4549 Quod
287 4482 457 4542 vanasaeeli
479 4483 630 4543 mobilitas
643 4485 722 4557 rapit

191 4572 295 4641 Reges,
310 4576 465 4645 tyrannos,
486 4573 626 4647 imperia,
641 4578 670 4630 et
683 4572 805 4649 gradus,

191 4658 384 4735 Pompasque
396 4661 548 4720 honorum
563 4660 651 4718 stulte
668 4663 857 4732 tumentium,

191 4748 314 4821 Argenti
326 4753 354 4806 et
369 4751 433 4808 auri
449 4750 511 4809 vim
525 4748 665 4809 rabidam
678 4749 771 4821 sitim,

193 4837 312 4895 Cunctis
327 4840 451 4914 petitam
472 4854 525 4913 per
540 4839 659 4897 varium
673 4838 770 4911 nefas,

194 4923 357 5001 splendore
365 4928 460 4986 multo
469 4932 580 4987 structa
606 4926 788 5007 habitacula,

194 5014 284 5072 illusa
297 5014 384 5090 pictae
395 5017 485 5075 vestis
502 5018 616 5092 inania,

193 5104 271 5176 irati,
285 5109 423 5175 mortem,
440 5110 520 5175 vota,
536 5106 681 5186 pericula,

191 5195 276 5251 Nunc
288 5194 369 5251 triste
388 5196 526 5269 longum,
542 5211 624 5254 nunc
637 5194 727 5256 breve
738 5192 893 5281 gaudium,

191 5280 304 5340 livoris
315 5283 372 5339 atri
381 5284 533 5342 fumificas
546 5284 637 5351 faces,

191 5368 334 5440 Nigrescit
348 5372 428 5429 unde
443 5387 511 5447 spes
523 5372 683 5431 hominum
697 5374 726 5431 et
736 5370 828 5429 decus
848 5386 858 5433 t
936 5442 940 5450 ,

190 5458 224 5513 Et
235 5458 318 5531 quod
329 5460 479 5518 malorum
495 5463 596 5519 tetrius
609 5460 746 5519 omnium
762 5465 817 5533 est,

193 5545 366 5604 Gentilitatis
382 5549 505 5607 sordida
522 5548 627 5606 nubila

191 5632 260 5689 nese
271 5634 368 5693 caleat
381 5641 490 5710 Agnes,
503 5650 539 5695 ac
565 5635 644 5711 pede
655 5635 823 5709 proculcat,

676 359 922 422 sererentur.
941 393 977 408 ·-
995 363 1104 424 libre
1123 365 1300 426 JANUARII.

1777 379 1844 437 1051

971 461 1003 543 Ἀ
1093 492 1190 559 Stans,
1202 495 1231 551 et
1241 491 1379 551 draconis
1394 495 1475 568 ealce
1489 511 1627 570 premens
1640 503 1754 588 capula

1089 583 1215 638 Terrena
1230 581 1347 650 muudi,
1369 582 1422 656 qui
1435 583 1514 641 ierus
1529 588 1632 646 omnia

1089 669 1208 744 Spargit
1217 670 1350 736 venenis,
1360 672 1469 744 mergit
1478 676 1507 730 et
1520 674 1630 731 inieris.

1089 759 1170 813 Nunc
1183 757 1319 828 virginali
1343 759 1531 836 perdomitus
1551 761 1614 819 solo

1089 846 1198 903 Cristae
1212 847 1330 905 Cerberi
1344 847 1484 924 deprimit
1493 850 1574 922 ignei
1586 869 1593 922 ;

1087 935 1145 994 Nec
1157 934 1251 992 victus
1267 936 1358 993 audet
1373 936 1473 995 tollere
1486 939 1647 1003 verticem:

1088 1022 1308 1096 Cingitcoronis
1321 1025 1435 1082 interea
1464 1029 1540 1084 Deus

1086 1112 1224 1170 Frontem
1237 1113 1358 1170 duabus
1368 1117 1503 1190 llartyris
1518 1117 1641 1176 innubae
1654 1133 1662 1188 ;

1086 1199 1344 1278 Una'decemplex
1368 1205 1448 1263 edita
1464 1205 1561 1264 sexies

1084 1293 1191 1350 llerces
1208 1294 1332 1368 perenni
1353 1292 1466 1352 lumine
1486 1296 1626 1367 coniicit3

1085 1381 1232 1438 Centeuus
1246 1385 1327 1439 extat
1339 1381 1453 1440 tructus
1473 1385 1505 1441 in
1518 1385 1624 1442 altera.

1083 1468 1105 1525 0
1120 1468 1205 1540 virgo
1220 1467 1301 1545 felix,
1315 1485 1333 1527 ο
1357 1486 1437 1528 nova
1449 1469 1543 1542 gloria

1083 1557 1204 1615 Castum
1213 1558 1261 1615 vel
1271 1559 1373 1631 ipsum
1384 1557 1477 1616 redde
1490 1559 1635 1623 fornicem
1649 1579 1657 1626 :

1081 1644 1180 1717 Purga
1189 1647 1254 1718 iarn
1267 1647 1357 1704 corda
1371 1647 1558 1723 propitiabili

1080 1733 1216 1805 Fulgore,
1231 1739 1367 1794 nostrum
1382 1735 1407 1792 si
1420 1735 1504 1810 jecur
1513 1735 1650 1813 impleas,

1080 1824 1124 1880 Nil
1138 1840 1199 1881 uon
1209 1825 1353 1903 pudicum
1373 1828 1427 1897 est,
1444 1841 1537 1900 quam
1556 1826 1609 1902 pia
1620 1827 1747 1908 viscera,

1079 1913 1213 1984 Digueris
1227 1914 1308 1971 almo
1323 1913 1370 1970 vel
1393 1912 1469 1990 pede
1485 1909 1606 1988 tangere

1081 2003 1152 2070 Quae
1164 2002 1218 2058 tibi
1227 2006 1297 2060 vota
1308 2001 1394 2078 plebs
1408 2003 1461 2083 pia
1475 2003 1595 2063 dedicat
1614 2022 1622 2077 ;

1080 2093 1142 2159 Eta
1155 2091 1270 2150 delictis
1287 2091 1422 2149 servulos
1442 2093 1542 2171 expia,
1616 2081 1619 2092 '

1080 2181 1160 2246 Quos
1171 2185 1223 2236 tua
1236 2180 1333 2237 cernis
1353 2181 1467 2251 gaudia
1482 2181 1622 2254 psallere·

1080 2268 1204 2325 Sursum
1218 2267 1321 2326 volatu
1330 2269 1443 2343 pernici
1471 2269 1607 2340 volitans,

1080 2357 1157 2414 llitte
1171 2356 1313 2414 deorsum
1328 2356 1439 2428 gaudia
1458 2358 1590 2436 populis,

1080 2445 1136 2513 Oui
1151 2445 1193 2502 tui
1205 2445 1336 2520 psallunt
1346 2460 1471 2502 munere
1487 2447 1577 2524 cives,

1080 2535 1159 2592 Dans
1170 2525 1256 2590 nobis
1271 2531 1386 2590 cunctis
1402 2533 1500 2592 vivere
1514 2534 1641 2594 saeculis.

1079 2621 1121 2678 Sit
1135 2619 1265 2678 trinitati
1277 2621 1378 2692 gloriae
1393 2621 1500 2686 unice,

1079 2710 1188 2782 Virtus,
1203 2712 1349 2785 potestas,
1364 2723 1487 2766 summa
1502 2709 1656 2789 potentla;

1080 2799 1217 2870 Regnum
1231 2799 1395 2860 retentans,
1414 2795 1467 2868 qui
1482 2797 1560 2852 Deus
1575 2811 1654 2851 unus
1668 2799 1713 2853 est

1079 2889 1133 2944 Per
1148 2890 1257 2944 cuncta
1272 2900 1393 2959 semper
1404 2884 1515 2946 sesua
1525 2884 1694 2944 sactorum.

1150 2978 1257 3032 Amen.

1044 3063 1243 3136 snpplicatio,
1272 3065 1397 3123 oremus
1416 3062 1656 3139 Redemptorem.
1684 3063 1837 3123 llotutinis

973 3153 1190 3243 Graminibus.
1200 3155 1260 3224 fol.
1280 3168 1407 3212 ccxxxii.

1045 3244 1196 3315 Capitale.
1210 3242 1407 3318 Omnipotens
1422 3240 1570 3317 Deus,qui
1578 3242 1712 3302 bonitate
1720 3243 1837 3301 inenar-

1008 3331 1096 3390 rabili
1110 3331 1236 3389 redimis
1249 3331 1350 3389 omnia
1367 3348 1374 3399 ;
1394 3332 1565 3389 interventu
1587 3336 1760 3389 sanctarum
1775 3330 1836 3387 vir·

1008 3422 1114 3493 giunm
1129 3420 1249 3491 Agnetis
1257 3425 1285 3476 et
1295 3420 1511 3479 Emereutianm
1522 3418 1649 3476 orationi
1657 3421 1768 3474 nostrae
1785 3432 1835 3474 au·

1007 3524 1072 3565 rem
1087 3512 1145 3565 tuas
1155 3507 1272 3581 pietatis
1284 3507 1413 3577 inclina;
1429 3511 1457 3564 et
1469 3511 1573 3564 contra
1587 3503 1746 3562 invisibilis
1761 3502 1835 3560 bos·

1007 3596 1044 3654 tis
1058 3597 1251 3654 amarissima
1261 3596 1330 3669 tela,
1348 3596 1479 3653 victricia
1490 3594 1578 3651 nobis
1590 3590 1835 3668 protectionis,ao

1006 3686 1108 3743 fldelia
1121 3686 1239 3759 porrige
1254 3700 1340 3742 arma
1352 3698 1358 3741 :
1371 3687 1404 3741 ut
1432 3683 1484 3758 qui
1514 3682 1702 3741 altitudinem
1734 3680 1834 3737 cordis

1006 3773 1101 3831 nostri
1113 3774 1151 3829 ad
1164 3773 1280 3831 excelsa
1296 3772 1361 3830 solii
1381 3772 1424 3829 tui
1444 3770 1611 3843 dirigimus,
1633 3786 1652 3827 a
1682 3772 1832 3827 conventu

1006 3861 1236 3933 malignantium
1252 3858 1833 3919 inbachumilitatcterrarumveraefidei

1005 3950 1189 4024 protectione
1209 3950 1368 4017 salvemur,
1378 3950 1523 4023 piissime.
1767 4026 1770 4033 γ

1042 4042 1126 4097 Pater
1137 4045 1247 4096 noster.
1265 4039 1391 4096 liberati
1406 4055 1424 4096 a
1449 4036 1541 4096 mato.
1555 4038 1610 4109 sel.
1626 4040 1653 4093 2.

1042 4126 1309 4186 Laudelixaltutee
1331 4131 1399 4185 sunt
1425 4125 1494 4183 filie
1517 4124 1702 4183 Hierusalem
1721 4140 1728 4193 ;
1744 4124 1777 4180 Ρ.
1801 4127 1834 4183 lit

1003 4221 1214 4291 processerunt
1229 4216 1260 4271 in
1286 4216 1392 4287 gloria,
1401 4215 1536 4285 Alleluia,
1554 4212 1683 4271 alleluia.
1699 4213 1731 4276 ri.
1743 4215 1831 4271 Laete·

1002 4312 1051 4363 tur
1066 4320 1154 4363 mons
1164 4304 1247 4373 Sion,
1261 4302 1569 4371 exultentfiliaeiudae,
1580 4308 1702 4388 propter
1719 4302 1834 4375 judicia

1003 4399 1054 4451 tua
1066 4394 1201 4451 Domine.
1218 4394 1249 4449 P.
1262 4396 1295 4450 Et
1308 4397 1529 4468 processerunt.
1550 4392 1582 4455 i.
1603 4392 1708 4464 Gloria,
1725 4394 1755 4447 et
1779 4390 1832 4447 bo·

963 4535 986 4591 D
1001 4498 1067 4541 nor.
1082 4483 1114 4539 P.
1127 4486 1161 4540 ut
1180 4483 1401 4555 processerunt.

991 4590 994 4594 ⁷
1039 4572 1214 4629 Benedictio.
1225 4568 1463 4628 Dominuslcsus
1473 4568 1618 4634 Christus,
1633 4570 1683 4643 qui
1701 4567 1831 4639 virgines

1003 4675 1077 4717 suas
1086 4659 1231 4731 Agnetem
1242 4662 1270 4716 et
1285 4658 1526 4717 limerentianam
1541 4662 1625 4715 casto
1635 4656 1692 4714 sibi
1702 4654 1832 4712 servavit

1002 4747 1129 4822 pudore,
1145 4748 1287 4805 castitatis
1299 4764 1355 4805 nos
1379 4747 1460 4805 dono
1485 4746 1652 4803 munificet:
1667 4744 1698 4806 it·
1724 4745 1828 4798 Amen.

1004 4836 1037 4894 El
1046 4836 1098 4920 qui
1110 4836 1175 4895 illas
1187 4836 1377 4894 subarrhavit
1393 4836 1451 4892 sibi
1465 4833 1577 4892 annulo
1592 4830 1672 4895 fidei,
1689 4844 1744 4886 uos
1769 4846 1831 4887 suae

1003 4930 1158 4983 connectat
1183 4924 1429 4982 indissolubiliter
1457 4918 1612 4984 charitati;
1630 4930 1661 4989 p.
1676 4922 1780 4974 Amen.
1793 4921 1829 4977 Ut

1002 5028 1054 5072 eas
1067 5029 1122 5090 pro
1134 5012 1221 5071 nobis
1236 5012 1456 5083 suffragatrices
1471 5008 1610 5065 admittat
1623 5022 1700 5082 quas
1716 5005 1775 5063 sibi
1789 5006 1831 5063 in-

1002 5106 1143 5177 corrupto
1153 5117 1256 5160 amore
1271 5100 1433 5175 assumpsit
1448 5111 1586 5171 sponsas.
1601 5106 1633 5167 p.
1649 5100 1757 5155 Amen.

1038 5192 1093 5248 Per
1105 5190 1351 5247 misericordiam.

1251 5280 1310 5335 nte
1324 5278 1378 5333 lllll
1406 5272 1578 5333 JANUAllll.

1038 5384 1066 5425 rs
1084 5382 1246 5425 srucroeuu
1273 5380 1435 5432 raueruosr,
1465 5378 1588 5431 rueuau,
1615 5378 1648 5420 ar
1672 5378 1791 5419 ruuoeu.

1037 5458 1087 5515 Ad
1108 5456 1278 5529 vesperum.
1291 5454 1404 5513 Laude.
1423 5454 1564 5509 Exortum
1581 5455 1633 5509 ast.
1652 5452 1756 5521 onere
1769 5452 1826 5523 [οἱ.

1001 5562 1086 5605 cuxu.

1036 5626 1121 5695 Seno.
1135 5634 1211 5693 Dum
1219 5629 1735 5705 succendereturfornax,prreparati
1757 5634 1825 5689 sunt
