4117 6175
248 250 317 311 507⁴
879 244 1108 307 nhavhawtt
1126 242 1323 306 GOTHICUM.
1909 243 1960 299 568

250 375 350 442 dibus,
364 378 559 433 cornostrum
576 373 716 446 instigem
731 376 761 430 et
772 372 803 429 in
825 371 969 429 saeculum
998 386 1081 445 praa·
1095 376 1118 429 Α
1133 372 1267 448 reliquus
1279 373 1323 429 est
1334 370 1489 444 parvulus,
1501 371 1529 427 et
1543 368 1638 442 pascit
1650 370 1770 427 orasttt
1783 368 1824 427 ait
1840 367 1961 428 Samuel

250 462 336 521 callet
347 461 457 521 veritas
473 462 601 522 infinita.
615 474 649 534 g.
665 463 769 519 Amen.
1135 462 1174 520 ad
1184 460 1251 519 lsai:
1263 460 1350 525 Mitte,
1366 462 1394 515 et
1414 457 1513 515 adduc
1527 470 1607 515 eum:
1624 471 1678 513 neo
1693 456 1775 513 enim
1787 456 1958 515 discumbe-

286 564 319 624 re.
335 552 431 609 Boves
452 568 525 608 mera
540 559 565 608 at
582 568 651 608 ores
667 551 766 621 gregis
782 550 840 607 mei
854 566 907 605 vos
923 549 992 605 estis
1006 566 1014 617 ;
1135 567 1202 608 mas
1215 549 1392 622 priusquam
1411 547 1470 604 huc
1483 546 1529 603 ille
1546 546 1655 603 veniat.
1672 544 1746 601 blisit
1760 560 1841 616 ergo,
1862 550 1890 601 et
1908 546 1961 605 ad-

288 646 316 698 t’.
338 642 372 698 lit
386 658 441 711 ego
455 643 598 699 Dominus
613 646 719 710 vester,
734 639 808 695 dicit
822 640 975 703 hominus,
1136 640 1219 696 duxit
1231 654 1310 694 eum.
1330 640 1395 693 brat
1414 642 1514 693 autem
1530 634 1623 705 rufus,
1647 638 1676 692 et
1691 633 1814 707 pulcher
1826 641 1960 707 aspectu,
2044 664 2045 667 κ

287 730 319 792 r.
335 731 419 788 Dabo
432 730 531 802 legem
551 746 647 787 meam
661 729 691 785 in
701 727 865 785 visceribus
877 727 993 795 reatris,
1010 731 1039 783 et
1051 726 1080 782 in
1136 728 1305 800 decoraque
1319 725 1414 781 facie:
1432 728 1460 782 et
1471 724 1511 781 ait
1526 723 1672 781 Dominus
1689 739 1697 779 r
1722 724 1868 794 burgast
1884 738 1960 795 unge

253 818 396 876 cordibus
407 820 511 876 vestris
529 817 701 877 adscribam
720 832 795 885 eam,
820 815 944 874 eteritis
967 814 1081 873 mihiiu
1136 812 1438 887 cumipseestenim.
1450 811 1526 869 Tulit
1537 826 1608 885 ergo
1623 810 1921 881 Samualcornuolei,
1936 818 1963 871 et

253 907 417 981 poputum
436 910 468 967 P.
483 910 593 979 Etcgo.
1136 902 1222 962 unxit
1243 919 1312 961 eum
1333 902 1364 959 iu
1377 900 1477 959 medio
1489 900 1618 960 fratrum
1632 901 1698 974 ejus
1714 918 1722 958 r
1737 907 1766 961 ct
1779 901 1912 961 directas
1921 907 1965 961 est

290 998 399 1053 oratio.
422 994 545 1064 christe,
561 993 650 1053 Filius
666 994 717 1052 hei
737 994 843 1063 Patris,
869 992 924 1067 qni
943 992 984 1051 ad
997 1008 1080 1061 cras,
1138 992 1264 1066 Spiritus
1282 989 1401 1049 Domini
1413 990 1488 1049 adia
1502 989 1555 1049 iha
1568 990 1601 1048 iu
1615 988 1720 1049 David.
1737 1001 1769 1063 a.
1785 990 1891 1049 Amen.

255 1099 323 1157 qum
334 1082 487 1155 perierant
500 1084 613 1143 domus
632 1083 732 1151 israel,
747 1086 776 1140 te
786 1082 1082 1139 missumessetesta·
1172 1079 1316 1151 Hymnus.
1328 1078 1449 1137 vocaris
1462 1078 1502 1137 ad
1519 1078 1622 1137 vitam.
1634 1078 1690 1151 sot.
1707 1080 1769 1137 331.

254 1171 297 1227 ris
307 1186 316 1237 ;
326 1174 360 1227 ut
378 1186 467 1228 verus
478 1178 582 1247 pastor
598 1186 690 1247 super
703 1188 775 1229 oves
798 1175 866 1229 tuas
889 1169 1024 1243 invigila,
1054 1174 1083 1228 et
1175 1168 1364 1240 coarctaris
1378 1166 1564 1225 obliviscaris
1579 1167 1819 1227 Dominevooem
1829 1183 1964 1243 qureren·

256 1258 461 1329 gubernacula
489 1261 573 1317 ineis
588 1260 740 1334 prretende
759 1260 913 1332 pastoria:
935 1275 998 1333 quo
1023 1263 1082 1316 ture
1139 1259 1212 1316 tium
1224 1261 1292 1327 te;et
1304 1256 1475 1330 superbiam
1489 1257 1660 1331 corrnn,qui
1675 1258 1848 1325 teodarunt,
1862 1273 1961 1317 ascen·

256 1348 399 1405 custodire
412 1349 580 1405 defensione
595 1348 1082 1417 cellulastcredentesetcredituri
1137 1347 1257 1405 dentem
1274 1347 1304 1402 in
1323 1346 1544 1417 sempiternum:
1562 1349 1593 1402 ut
1604 1344 1644 1415 hi,
1659 1345 1713 1419 qui
1727 1360 1781 1419 per
1794 1345 1964 1405 adnotatio·

256 1452 393 1493 morsum
407 1438 538 1495 evadant
549 1437 728 1495 insatiabilis
739 1436 863 1493 inimici.
878 1447 911 1504 rr⁴
921 1440 1026 1493 Amen.
1138 1451 1208 1494 nem
1221 1434 1349 1494 oltioiiin
1362 1432 1619 1505 gremioEoctesim
1628 1434 1731 1493 matris
1743 1436 1873 1510 suscepti
1882 1442 1962 1503 sunt

291 1524 339 1580 nd
352 1524 516 1584 canticam.
531 1526 716 1597 Antiphone.
737 1526 864 1583 Attouda
875 1524 995 1596 celum,
1005 1526 1083 1583 ello·
1139 1523 1177 1582 ad
1193 1522 1269 1581 sacri
1281 1522 1470 1596 baptismatis
1483 1521 1612 1593 gratiam
1627 1523 1769 1581 accedere
1782 1530 1963 1583 mereantur:

256 1626 344 1684 quar,
355 1617 384 1669 et
396 1613 486 1686 336
496 1614 599 1671 audiat
615 1619 693 1672 terra
710 1614 804 1673 rerba
817 1628 855 1671 ex
869 1628 920 1670 ore
935 1629 1020 1671 meo:
1035 1630 1084 1671 ex·
1139 1627 1201 1687 quo
1213 1611 1289 1671 atilli
1297 1611 1365 1670 talia
1373 1616 1510 1685 optantes
1519 1616 1694 1685 perceptum
1704 1612 1781 1671 inter
1789 1626 1845 1672 nos
1852 1612 1966 1671 lavacri

257 1702 599 1774 spectetursioutpturia
612 1702 766 1776 eloquium
776 1703 1084 1769 meumouianomcn
1101 1722 1125 1781 Β
1140 1716 1201 1759 noa
1213 1702 1377 1772 denegatur
1390 1700 1569 1774 mysterium
1581 1718 1587 1770 ς
1599 1704 1628 1759 et
1637 1700 1695 1775 ipsi
1704 1700 1864 1761 nobiscum
1874 1702 1968 1775 possi·

258 1787 531 1849 Dominlinrocavi.
1140 1791 1230 1849 deant
1248 1788 1395 1862 gaudium
1409 1788 1574 1849 inlinitum.

294 1876 463 1937 caudeam.
476 1878 602 1937 Attende
612 1879 732 1937 emtum.
742 1880 800 1952 sot.
819 1883 846 1939 t.
1174 1878 1292 1938 Laudo.
1309 1878 1405 1945 Pater,
1421 1876 1552 1937 claritlca
1563 1893 1622 1935 me.
1631 1878 1688 1953 sot.
1705 1880 1767 1937 331.

292 1966 534 2026 Mutatiaariam.
544 1968 728 2028 Hierusalem
743 1970 811 2027 vita
826 1968 1001 2037 claritatem,
1016 1984 1086 2043 quas
1405 1966 1540 2024 Eaeaate
1558 1968 1692 2041 Vespera.

258 2054 345 2113 tibia
364 2055 425 2114 Deo
443 2057 651 2132 superveniet:
675 2074 743 2116 ecoe
765 2057 818 2115 tilii
837 2061 882 2116 tui
905 2058 1021 2116 collecti
1046 2058 1086 2116 ab
1176 2056 1289 2114 boum,
1303 2059 1334 2113 tn
1347 2054 1484 2113 noctibus
1495 2054 1634 2113 extollite.
1650 2056 1706 2127 sot.
1723 2057 1784 2117 tto.

257 2144 370 2202 crisme
387 2150 416 2202 et
429 2145 584 2203 occidente
596 2147 761 2218 gaudentes
770 2146 1085 2219 inregnobsirnou-
1175 2145 1659 2217 tmtpaonc.1>atersanots,quos
1674 2144 1780 2203 dedisti
1795 2145 1882 2213 mihi,
1898 2145 1968 2204 volo

256 2233 298 2290 da
309 2232 492 2290 Hierusalem
509 2234 686 2291 hominum:
706 2234 858 2295 conlauda
882 2238 975 2293 heum
1000 2238 1085 2293 taum
1140 2238 1184 2303 ut,
1199 2233 1252 2291 ubi
1270 2248 1328 2304 ego
1342 2248 1421 2304 sum,
1437 2237 1465 2289 et
1487 2232 1545 2307 ipsi
1557 2233 1614 2290 siut
1629 2248 1759 2291 mecum.
1786 2232 1818 2295 r.
1834 2234 1968 2293 Narrabo

258 2320 342 2381 Sion.
1139 2338 1251 2381 nomen
1262 2328 1347 2381 tuum
1361 2320 1503 2379 tratribus
1515 2321 1598 2379 meis:
1608 2322 1639 2379 iu
1649 2320 1749 2381 medio
1760 2320 1897 2381 Ecclesiae
1905 2322 1967 2381 lan·

291 2411 410 2469 Laudo.
426 2411 563 2469 seniores
579 2426 650 2469 cnm
660 2412 833 2485 junioribus
846 2411 967 2472 laudata
980 2412 1085 2472 Domi·
1139 2410 1220 2469 daho
1234 2415 1272 2467 te.

255 2514 346 2568 nam;
357 2502 388 2557 P.
402 2502 435 2558 Et
449 2500 576 2559 exaltate
587 2502 776 2574 nomenoius
792 2501 900 2559 solius.
913 2502 945 2565 1.
958 2501 1093 2567 Coclite.
1174 2500 1292 2558 Lauda.
1305 2500 1366 2571 Ego
1379 2498 1449 2557 dedi
1458 2499 1501 2555 eis
1511 2504 1681 2558 sermonem
1694 2504 1821 2573 tuamet
1834 2500 1967 2559 mundus

256 2586 333 2647 mini
353 2588 480 2647 homino
493 2589 525 2646 in
534 2588 609 2647 coelo
624 2589 691 2647 etin
700 2594 798 2661 tarrar
812 2593 844 2650 P.
855 2593 889 2648 Et
898 2590 1037 2651 multata.
1048 2591 1080 2654 1.
1141 2604 1193 2647 eos
1206 2588 1277 2647 odio
1289 2588 1564 2647 habuitzsanctillca
1573 2588 1685 2662 illos,ut
1695 2590 1753 2647 sint
1766 2592 1793 2649 et
1805 2588 1862 2663 ipsi
1870 2588 1968 2647 sancti
2047 2602 2048 2659 t

254 2676 409 2751 llymnnm
422 2676 511 2735 dicite
525 2677 587 2735 heo
603 2693 709 2736 omnes
724 2679 802 2737 sarsi
815 2679 899 2752 einer
912 2680 949 2737 P.
959 2678 993 2737 ar
1006 2678 1085 2739 exul·
1140 2677 1306 2737 inreritate.
1318 2676 1350 2739 1.
1363 2677 1530 2735 haolaratio
1541 2692 1716 2737 sermonum
1727 2683 1844 2737 tuorum
1854 2677 1965 2735 illumi-

253 2770 326 2826 rate.
1140 2771 1192 2829 nat
1207 2782 1215 2825 r
1231 2772 1260 2825 et
1272 2766 1453 2825 iuteheotum
1471 2766 1524 2823 dat
1537 2767 1681 2839 parvulis.

315 2856 415 2915 beatio
428 2854 655 2916 tibriSomaeta's
673 2857 704 2929 (1
715 2857 849 2929 Regnum
864 2873 929 2929 cop.
945 2858 1014 2931 rvr).
1175 2858 1324 2928 Hymnus.
1340 2855 1495 2912 vocareris
1510 2854 1550 2912 ad
1564 2856 1666 2913 vitam.
1678 2856 1806 2928 101331.

291 2954 324 3015 p.
337 2943 399 3000 Deo
411 2943 531 3014 gratias.
1176 2944 1325 3015 Capitate.
1340 2944 1409 3001 hac
1423 2948 1476 3013 ast,
1493 2943 1751 3011 Dominc,oovella
1763 2944 1965 3017 generationis

292 3030 326 3088 ln
342 3028 400 3086 illis
422 3030 543 3088 diebus:
558 3030 637 3089 hixit
655 3030 797 3090 Dominus
823 3030 863 3089 ad
887 3032 1058 3092 Samuelem
1073 3046 1083 3094 a
1100 3064 1121 3123 C
1140 3031 1250 3106 inclyta
1261 3030 1418 3106 fidesque
1425 3036 1452 3090 ta
1461 3032 1598 3106 exquirit,
1615 3036 1647 3092 ut
1657 3030 1764 3104 rideat
1775 3048 1845 3108 qua
1853 3035 1884 3092 te
1903 3048 1973 3090 con·

258 3119 421 3190 Usquequo
438 3122 470 3175 tu
483 3117 568 3190 luges
584 3119 665 3189 Saul,
679 3135 749 3177 eum
760 3135 818 3192 ego
831 3122 1006 3193 projecerim
1013 3138 1084 3180 eum
1141 3121 1275 3196 cupiscit,
1287 3125 1319 3179 ut
1332 3121 1361 3179 in
1375 3127 1402 3180 to
1417 3121 1727 3198 inliciterviratrhperi
1738 3137 1810 3194 argo
1819 3122 1875 3190 ais,
1888 3139 1971 3196 quaa·

257 3219 296 3262 ne
309 3209 413 3276 regnet
431 3221 523 3279 super
535 3207 651 3265 lsrael?
664 3208 752 3281 tmpta
769 3212 958 3266 cornutuum
975 3209 1087 3277 olao‚et
1141 3227 1255 3277 sumus,
1272 3215 1382 3268 sancire
1397 3210 1467 3267 fidei
1483 3215 1704 3269 sacramentum
1722 3231 1729 3272 :
1748 3215 1780 3270 nt
1792 3211 1824 3270 in
1838 3227 1902 3284 qua
1916 3227 1972 3268 nos

258 3294 337 3363 veni,
347 3297 381 3350 ut
393 3292 505 3354 mittam
517 3299 545 3353 ta
562 3295 602 3353 ad
616 3295 674 3354 lsai
689 3295 950 3359 bethlehemitem:
967 3297 1085 3370 providi
1140 3298 1322 3374 perfectione
1334 3299 1545 3358 conscendisse
1559 3300 1812 3374 cognoscimus,iu
1824 3316 1866 3358 ea
1879 3299 1972 3358 etiam

257 3382 335 3444 enlm
345 3382 376 3442 in
388 3382 457 3442 filiis
467 3384 533 3458 ejus
543 3385 618 3443 milri
631 3399 744 3456 regem.
756 3388 790 3444 ct
801 3385 843 3444 ait
852 3385 991 3444 Samuel:
1018 3389 1084 3454 Quo
1141 3391 1171 3444 et
1180 3388 1235 3446 hos
1248 3387 1376 3446 illustres
1386 3387 1511 3446 existere
1523 3387 1752 3460 gratulemurzut
1763 3387 1844 3446 atilli
1854 3387 1895 3446 ad
1906 3389 1972 3446 rad·

257 3472 389 3532 vadam?
398 3472 501 3533 audiet
512 3474 593 3532 enim
605 3474 687 3544 Saul,
702 3478 732 3532 et
743 3473 901 3533 interficiet
919 3491 977 3532 me.
999 3479 1033 3533 ar
1045 3477 1086 3534 ait
1141 3475 1303 3550 emptionis
1335 3476 1511 3550 perveniant
1528 3475 1650 3549 gaudia,
1683 3481 1712 3536 et
1739 3493 1796 3535 nos
1818 3483 1971 3552 percepta

259 3561 419 3623 hominus:
440 3562 570 3622 vitutum
582 3563 622 3622 da
638 3569 775 3635 armento
786 3564 871 3625 tolles
879 3565 910 3624 in
920 3569 1084 3634 macutus,
1141 3563 1970 3642 redemptionisinlibatainnobisconservemusmysteria.

259 3653 290 3708 et
300 3649 380 3708 dices
392 3665 400 3717 ;
413 3651 458 3709 nd
472 3651 694 3711 immolandum
704 3654 831 3712 homino
843 3652 1088 3714 aeni.Etrocahis
1178 3655 1266 3714 Pater
1284 3657 1395 3712 noster.

259 3736 367 3795 lsaiad
379 3737 543 3813 victimam,
560 3742 819 3813 atogoostendcm
829 3741 883 3801 tibi
896 3743 971 3818 quid
984 3741 1087 3810 iacias,
1178 3743 1360 3803 Benedictio.
1390 3742 1521 3802 Christus
1550 3743 1704 3813 hominus.
1721 3745 1774 3818 qui
1789 3743 1894 3804 salutis
1908 3761 1971 3802 sure

260 3829 290 3882 et
309 3839 405 3897 unges
417 3841 641 3901 quemcumque
654 3829 693 3888 ad
704 3836 913 3890 monstravero
935 3831 999 3890 tibi.
1011 3832 1089 3890 Fecit
1144 3834 1372 3908 signohumano
1380 3831 1481 3904 generi
1490 3831 1737 3901 datsalutem,det
1745 3832 1970 3900 nobiseumhis,

260 3927 333 3986 ergo
343 3912 472 3980 Samuel,
486 3914 739 3974 siouttoeutnsost
752 3917 777 3974 oi
790 3919 1090 3996 hominusvenitque
1144 3923 1196 3999 qui
1207 3937 1288 3982 nunc
1300 3921 1338 3980 ad
1351 3920 1414 3994 ejus
1431 3920 1554 3978 veniunt
1566 3919 1825 3995 fldem,pervenire
1835 3923 1873 3982 ad
1890 3927 1972 3981 rater-

262 4002 480 4071 inttethlchem‚
494 4003 665 4064 etadurirati
677 4010 887 4068 suntsentores
899 4010 1091 4079 civitatis,oo·
1144 4029 1216 4072 nam
1233 4010 1435 4070 hereditatem.
1457 4020 1490 4084 h.
1508 4020 1611 4068 Amen.
1641 4012 1869 4086 Donetquoqua
1890 4011 1973 4070 robis

263 4096 415 4150 eumentes
432 4093 469 4150 ci.
482 4092 697 4168 Dixeruntque:
715 4095 902 4154 Paciflcusna
913 4102 959 4156 est
972 4100 1088 4170 ingres·
1144 4097 1306 4159 inlibatum
1330 4098 1528 4172 redemptoris
1543 4104 1651 4157 nostra
1667 4115 1773 4174 capere
1787 4099 1930 4169 fructum,
1946 4106 1974 4156 et

264 4177 515 4241 sustnusilitlit:
525 4181 1089 4246 Pacificas:adimmotandnmltomino
1145 4187 1203 4246 illis
1219 4185 1341 4246 leticiter
1360 4187 1400 4246 ad
1414 4185 1553 4245 salutaris
1567 4186 1680 4246 lavacri
1694 4188 1849 4262 pervenire
1861 4193 1972 4262 myste-

262 4269 342 4336 veni,
352 4270 592 4342 sanctificamini,
607 4277 636 4332 et
648 4274 744 4332 venite
758 4276 1089 4334 mecumutimmolem.
1145 4276 1233 4334 rium
1245 4285 1278 4348 ta.
1291 4280 1397 4332 Amen.
1415 4277 1449 4334 ut
1459 4276 1640 4346 regeneratis
1656 4282 1685 4334 et
1696 4279 1919 4349 regeneraturis
1932 4277 1972 4332 sic

266 4359 468 4418 sanctificavit
480 4375 551 4434 ergo
575 4361 631 4420 lsai
643 4366 672 4422 et
682 4361 760 4422 illios
773 4365 849 4436 sajus,
864 4369 893 4424 et
905 4366 1024 4424 vocavit
1037 4382 1090 4424 eos
1145 4363 1254 4422 divium
1263 4363 1451 4438 protectionis
1464 4365 1559 4436 maiia
1571 4365 1873 4434 larentutnullumex
1884 4366 1972 4424 hisad

265 4450 306 4508 ad
319 4447 640 4524 sacrifloiuar.Cumqua
649 4452 776 4525 ingrcssi
783 4454 969 4522 assentatore
976 4455 1091 4520 tleliab,
1107 4423 1130 4479 D
1145 4457 1257 4512 aeterna
1269 4454 1458 4528 possessione
1473 4453 1620 4512 excludat.
1639 4467 1672 4527 g.
1688 4456 1792 4513 Amen.

266 4545 296 4599 et
308 4538 352 4598 ait
365 4557 373 4596 ε
385 4542 571 4598 Nemeorum
583 4542 903 4601 Dominoesthristus
915 4543 1000 4616 ejus?
1014 4543 1093 4603 Dixit
1181 4542 1295 4601 Lauda.
1311 4545 1417 4600 Notum
1431 4542 1487 4600 ieci
1517 4542 1569 4609 eis,
1596 4545 1729 4608 homino,
1746 4559 1858 4602 noman
1874 4549 1969 4610 tuum,

266 4628 409 4688 Dominus
421 4630 462 4689 ad
473 4629 660 4690 Samuelem:
679 4633 874 4707 Nerespicias
885 4632 1001 4691 vultum
1014 4633 1090 4705 ejus.
1147 4631 1234 4707 337
1252 4635 1394 4689 etnotnm
1406 4629 1971 4708 foriamzutditectio,qnsdilexisrims‚

268 4733 362 4792 neqm
389 4717 578 4780 altitudinem
595 4725 715 4780 saturo
734 4720 977 4795 ejustquoniam
995 4720 1093 4794 abjeci
1147 4723 1179 4780 in
1198 4720 1272 4795 ipsis
1286 4718 1333 4792 sit,
1351 4725 1380 4777 et
1393 4735 1450 4792 ego
1463 4721 1493 4778 in
1517 4721 1602 4794 ipsis.
1616 4720 1649 4784 tt.
1665 4724 1722 4779 tex
1736 4721 1854 4780 Domini
1868 4721 1972 4778 imma·

267 4809 976 4884 eum,aequajuxtaintuitamhominisegoJ’udioo
985 4821 994 4873 :
1004 4809 1093 4868 bomo
1148 4809 1247 4868 calata
1260 4813 1437 4867 convertens
1451 4811 1580 4868 animas.

268 4895 351 4954 enim
365 4898 445 4960 videt
456 4913 568 4971 aequm
574 4901 689 4972 parent,
699 4898 843 4957 hominus
851 4903 951 4957 autem
963 4898 1095 4958 intuetur
1185 4899 1296 4958 Oratio.
1308 4901 1412 4956 Notum
1426 4899 1513 4957 nobis
1523 4899 1803 4966 iao,homine,tuam
1813 4899 1973 4971 justitiam

268 5000 331 5043 cor.
346 4986 380 5042 ut
397 4985 514 5044 vocarit
523 4987 581 5044 lsai
594 4985 773 5055 aminadab,
787 4993 817 5045 et
829 4987 955 5046 adduxit
961 5002 1032 5046 enm
1043 5003 1095 5046 co·
1149 4994 1178 5049 et
1187 4995 1291 5048 uteam
1304 4989 1562 5062 exquiramus,aor
1573 4994 1710 5050 nostrum
1723 4989 1830 5048 ardore
1844 4987 1974 5048 caritah's

268 5073 654 5141 consenescerent:
678 5075 920 5149 ttechuaoelegit
931 5074 1089 5134 horninus.
1149 5077 1302 5136 accende:
1331 5079 1372 5134 da
1394 5078 1576 5136 intellectam
1600 5078 1700 5136 sensui
1720 5081 1834 5144 nostro,
1850 5093 1912 5152 quo
1925 5091 1972 5132 va·

268 5161 400 5220 Adduxit
407 5165 510 5220 autern
524 5163 897 5239 lsaisammadsquoait:
911 5166 1096 5224 etiamnunc
1149 5166 1330 5226 leamustuoe
1339 5165 1972 5240 legisabditaprescrutarirdaperleotionem

269 5251 592 5324 nonelegithominus.
610 5252 741 5312 Adduxit
752 5255 854 5330 itaque
866 5255 922 5314 lsai
937 5262 1052 5329 septem
1063 5255 1097 5312 tt·
1149 5253 1230 5322 fidei,
1244 5259 1276 5312 ut
1290 5257 1441 5327 possimus
1455 5261 1574 5314 tuorum
1604 5259 1824 5329 praceptorum
1839 5253 1973 5312 ordinem

268 5341 408 5402 hossaoc
416 5357 521 5402 coram
540 5341 678 5402 Samaei:
692 5347 721 5400 et
733 5343 1096 5404 aitsamaetadtsaiztion
1150 5342 1316 5410 custodire,
1337 5347 1434 5416 utpcr
1448 5344 1512 5403 haec
1539 5349 1597 5402 eta
1622 5347 1746 5418 peccato
1765 5344 1974 5408 immutasset

269 5431 358 5505 elegit
370 5432 558 5492 bominussx
569 5429 782 5503 istis.t)ixitqua
797 5432 983 5492 Samuellsai
996 5435 1096 5491 :Num-
1149 5430 1245 5490 beatae
1254 5430 1322 5489 vitra
1334 5431 1502 5491 efficiamur
1513 5433 1650 5492 heredes.
1662 5444 1693 5500 a.
1707 5434 1813 5492 Amen.

269 5519 344 5592 qaid
354 5521 421 5594 iam
432 5519 574 5598 completi
584 5523 654 5578 snat
664 5515 735 5580 tilii?
748 5519 806 5585 ool
813 5521 969 5593 respondit
978 5519 1096 5582 abdlruc
1184 5521 1298 5582 baada-
1316 5523 1424 5595 begam
1435 5522 1564 5597 poaeeis
1579 5522 1704 5590 Domine
1717 5521 1798 5582 dem
1810 5521 1973 5596 laetificaret
