4117 6175
227 214 285 273 ess
875 173 1306 259 eanvsaruuoorutcuu.

234 337 312 395 sunt.
333 336 399 391 Non
412 327 553 405 glorietur
566 322 649 383 lortis
661 314 876 377 infortitudine
897 324 953 367 sua
963 304 1017 364 sed
1030 303 1062 360 in
1077 299 1100 354 A
1206 304 1247 359 Bx
1256 300 1372 360 illibata
1381 299 1503 398 Virgine
1668 384 1674 396 ι

235 428 294 484 hoc
308 421 451 494 glorietur
466 435 472 475 :
485 416 540 484 Qui
552 410 697 485 glorietur
708 406 784 465 scire
794 409 823 463 et
833 400 995 472 intelligere
1006 393 1059 452 Do.
1205 390 1371 490 descendo,
1384 390 1515 490 formam
1525 400 1704 460 sumpseris.

235 514 363 572 minum.
1238 478 1337 538 Gloria
1353 477 1559 544 ttb1,Dom1ne,

273 599 440 659 Canticum.
456 590 671 653 confirmatum
685 590 728 643 est
742 598 793 641 cor
808 594 919 639 meum.
934 573 1062 647 Reperire
1204 567 1371 637 Quinatus,
1382 570 1440 623 etc.

236 692 290 762 [ol.
308 693 350 745 55.
1150 648 1942 728 Supplicatio.GremusBedemptoremmundi‚foi57

271 772 514 835 AdBestedictus.
525 765 709 839 Antiphone.
720 758 817 819 Sancti
826 753 989 816 ethumilas
997 765 1060 808 cor·
1113 780 1118 788 -
1151 743 1305 816 caperata.
1324 740 1642 841 Turbalnuocentium
1662 738 1941 840 parvulorumque

236 846 882 938 despicituretenimrajustorumbenedicite
889 840 1061 900 Dominum.
1115 848 1170 907 pro
1187 833 1235 890 sui
1252 832 1459 905 Redemptorrs
1472 844 1594 930 nomme
1608 843 1728 902 proprto
1743 832 1789 927 est
1806 828 1941 888 dehbuta

274 954 442 1011 Canticum.
458 945 634 1004 Benedictus
650 957 682 999 as
697 939 832 1002 Domine,
850 934 927 991 Deus
940 934 1062 1006 patrum
1115 936 1230 988 crttore,
1239 936 1301 979 non
1310 925 1405 977 cesset
1416 922 1577 977 Dominum
1586 915 1782 1017 proservuhs
1789 932 1915 977 exorare
1931 936 1939 976 :

238 1046 421 1100 nostrorum.
436 1034 565 1108 Require
578 1030 632 1103 sot.
645 1034 672 1087 6.
1115 1024 1184 1083 quo,
1193 1012 1221 1067 le
1233 1009 1420 1082 impetrante,
1431 1007 1498 1065 licet
1509 1007 1651 1064 immenti
1664 1020 1732 1079 ,pro
1743 1021 1807 1078 erus
1817 1008 1940 1066 nomine

271 1130 360 1187 Sorte.
375 1114 846 1194 SalusjustorumaDominoast.
864 1108 897 1167 P.
918 1108 952 1164 Bt
964 1103 1063 1163 salva·
1115 1103 1186 1171 post
1212 1097 1304 1168 hujus
1323 1098 1391 1154 vites
1412 1112 1573 1154 excursum
1598 1099 1772 1152 sanctorum
1789 1111 1940 1169 queamus

236 1217 354 1275 biieos.
377 1210 512 1269 Alleluia.
529 1204 663 1264 Alleluia.
671 1204 703 1264 ti.
727 1200 802 1268 Quis
814 1196 1009 1271 speraverunt
1031 1190 1063 1248 in
1115 1186 1244 1245 adunari
1265 1185 1448 1250 cohortibus,
1472 1183 1599 1258 qualiter
1616 1198 1686 1240 cum
1706 1182 1748 1240 eis
1771 1185 1941 1257 perenniter

237 1303 332 1361 Deum
342 1303 457 1359 vivum.
472 1297 505 1353 P.
520 1298 554 1353 Bt
566 1292 693 1351 salvabit
716 1306 778 1347 eos.
1114 1274 1263 1349 hymnum
1276 1275 1436 1333 demutare
1447 1274 1479 1330 in
1490 1272 1588 1346 jubilo
1598 1286 1779 1329 mereamur.

271 1386 521 1449 Laeantaudata
527 1382 688 1440 Dominum
695 1379 733 1435 de
745 1372 964 1434 coalisAllaluia
977 1368 1061 1427 :lau-
1151 1363 1239 1421 Pater
1252 1369 1364 1422 noster.
1380 1362 1507 1421 liberati
1518 1377 1538 1419 a
1551 1360 1644 1419 malo.
1656 1360 1714 1429 sol.
1728 1364 1756 1417 2.

239 1479 308 1536 date
317 1492 388 1535 eum
397 1476 429 1532 in
439 1450 575 1530 excelsis.
585 1467 719 1526 Alleluia.
730 1465 871 1521 Pselmut.
880 1473 994 1519 exnvtu.
1149 1452 1259 1511 Laudo.
1271 1452 1428 1511 candidati
1442 1449 1657 1509 suntnazarcei.
1668 1449 1854 1507 Benedictio.
1875 1452 1943 1510 Uni·

271 1564 371 1623 Lectio
381 1561 455 1621 libri
463 1558 620 1618 Hieremioe
629 1555 787 1626 Prophetes
800 1551 884 1623 (Gap.
901 1548 990 1619 xxxi).
1116 1541 1234 1613 Bessiiflss
1249 1542 1299 1599 ⁰⁰1
1311 1541 1409 1599 Fffiul·
1424 1541 1596 1611 Quoerefol.
1609 1545 1653 1597 57.

270 1650 504 1725 raneogratias.
1076 1676 1099 1731 B
1152 1630 1319 1688 innomine
1333 1630 1451 1688 bomini

273 1743 339 1799 Base
356 1740 427 1797 dicit
438 1736 583 1794 Dominus
597 1750 604 1791 :
618 1734 679 1791 Vox
692 1732 723 1788 in
733 1730 830 1787 Barna
842 1727 946 1785 andita
960 1728 1003 1783 est
1021 1723 1062 1782 la·
1149 1718 1251 1777 Sancti
1258 1718 1374 1777 Thomas
1382 1716 1626 1791 Arcetcptsccpi.
1640 1725 1669 1777 ei
1682 1720 1942 1793 Martyriwmttt'a

237 1825 437 1897 mentationis,
450 1825 548 1891 Delus,
561 1827 590 1881 et
604 1822 695 1888 luctu,
713 1819 858 1893 ploratus,
869 1819 913 1873 esi
931 1811 1062 1869 ululatus
1116 1808 1259 1866 dicantur
1270 1812 1303 1864 at
1312 1810 1344 1866 in
1358 1807 1508 1865 Communi
1518 1809 1604 1864 unius
1614 1807 1758 1881 Martyris
1770 1808 1940 1879 Pontificio.

238 1916 359 1976 multus.
375 1912 483 1972 Rachel
492 1908 700 1987 ploranslilios
710 1921 791 1977 suos,
805 1908 833 1962 el
844 1902 941 1961 noluit
950 1914 1061 1958 conso·
1151 1897 1186 1953 ΙΝ
1202 1897 1311 1980 PBS'PG
1322 1896 1450 1955 SANCTl
1464 1896 1584 1953 JAGOBl
1595 1896 1779 1955 APOSTOLl.

239 2004 294 2063 lari
310 2017 400 2077 super
413 2017 474 2069 eos,
490 2000 635 2074 quianon
650 2000 729 2054 sunt.
743 1997 811 2052 lloec
822 1991 894 2049 dicit
904 1988 1060 2046 Dominus:
1416 1984 1462 2040 Ad
1476 1985 1624 2057 vesperos.

240 2093 377 2161 Quieecat
385 2106 443 2149 vox
454 2087 672 2162 tuaaploratu,
682 2090 710 2143 et
718 2082 798 2143 oculi
806 2081 849 2140 tui
859 2076 1061 2151 alachrymis:
1153 2074 1265 2131 Lauda.
1280 2072 1380 2131 Gloria
1391 2077 1419 2130 et
1438 2072 1552 2130 honore
1566 2072 1716 2131 coronasti
1728 2088 1809 2146 eum,
1833 2073 1874 2161 P.
1883 2075 1944 2131 Do·

238 2182 363 2257 quiaest
372 2193 486 2238 meroes
495 2177 579 2252 operi
591 2178 653 2240 tuo,
667 2174 709 2233 ait
719 2173 863 2230 Dominus
875 2172 904 2226 et
917 2171 1063 2226 reverten·
1116 2161 1207 2219 mine.
1222 2172 1256 2233 rs.
1266 2161 1408 2233 Gloriam,
1418 2165 1448 2219 et
1458 2175 1605 2231 magnum
1619 2161 1764 2219 decorum
1774 2162 1946 2236 imposuisti

238 2271 333 2330 tunde
347 2274 425 2327 terra
435 2265 561 2324 inimici.
571 2268 606 2323 lit
615 2262 669 2322 erit
681 2278 750 2336 spes
761 2257 930 2318 novissimis
940 2255 1008 2328 tuis,
1023 2252 1065 2312 ait
1118 2267 1211 2324 super
1224 2266 1306 2308 eum.
1320 2250 1356 2309 P.
1372 2251 1506 2309 Domine.

239 2358 383 2419 Dominus
395 2372 403 2413 ι
414 2360 444 2414 et
455 2356 639 2413 revertentur
649 2349 755 2409 filiitui
769 2349 808 2407 ad
821 2345 964 2406 terminos
980 2357 1060 2400 suos.
1153 2339 1238 2397 Seno.
1254 2338 1386 2395 Alleluia.
1402 2341 1508 2396 Beatus
1524 2338 1581 2409 vir,
1596 2338 1649 2413 qui
1664 2339 1745 2396 timei
1758 2339 1918 2397 Dominum
1936 2358 1944 2396 ε

238 2446 368 2504 Audiens
377 2441 626 2517 audivinbraim
633 2432 1064 2512 uansmlgrantemttlastigas·
1118 2426 1252 2485 Alleluia.
1263 2426 1295 2483 P.
1311 2430 1343 2483 ln
1355 2427 1507 2485 mandatis
1518 2428 1583 2499 ejus
1592 2427 1691 2501 cupiet
1698 2426 1798 2485 nimis.
1807 2428 1945 2502 ADeluia,

239 2535 362 2601 timaei
371 2531 504 2591 eruditus
517 2529 685 2603 sum‚quasi
690 2524 868 2601 juvenculus
880 2520 1063 2580 indomitusr
1119 2515 1247 2574 alleluia.
1261 2516 1293 2577 i.
1309 2514 1419 2583 Gloria,
1432 2520 1461 2573 et
1474 2514 1583 2573 divitiae
1601 2516 1632 2574 in
1646 2515 1738 2574 domo
1752 2518 1818 2590 ejus
1835 2535 1842 2575 z
1858 2521 1885 2576 et
1895 2518 1947 2590 ju-

239 2626 379 2681 conrerte
388 2623 633 2691 me,etrereriar:
643 2608 1065 2691 quietuesDeusmeusPost·
1119 2604 1200 2663 stitia
1211 2604 1276 2677 ejus
1282 2610 1384 2662 manet
1397 2605 1429 2662 in
1443 2605 1587 2662 seculum
1598 2604 1709 2663 saeculi.
1719 2605 1852 2664 Alleluia.

240 2725 333 2784 quam
340 2706 595 2767 enimconvertisti
603 2704 710 2775 meegi
718 2699 924 2777 poenitentiam
933 2715 942 2752 s
951 2702 980 2754 et
986 2697 1065 2769 post·
1154 2695 1335 2766 Antiphone.
1350 2694 1459 2753 Oculus
1472 2693 1523 2751 Dei
1538 2692 1676 2767 adspexit
1683 2694 1840 2767 justumin
1849 2694 1945 2756 bono.

241 2813 335 2872 quam
347 2794 505 2855 ostendisti
514 2793 599 2860 mihi,
610 2791 746 2867 percussi
757 2790 855 2849 lemur
868 2802 978 2845 meum.
993 2785 1066 2842 Con·
1120 2783 1153 2842 P.
1168 2786 1200 2840 Bt
1212 2782 1301 2854 elegit
1310 2782 1395 2840 illum
1410 2783 1449 2841 ad
1463 2782 1628 2841 humilitate
1641 2798 1697 2841 sua
1713 2800 1720 2840 :
1736 2784 1849 2841 audivit
1861 2800 1945 2853 eum,

242 2886 326 2945 fusus
337 2899 416 2951 sunt,
426 2882 576 2951 eterubui,
587 2880 729 2955 quoniam
737 2877 863 2937 sustinui
872 2873 1067 2951 opprobrium
1120 2875 1150 2929 et
1161 2886 1266 2929 vocem
1279 2871 1388 2945 ipsius.
1404 2870 1435 2934 r.
1452 2874 1558 2929 Beatus
1571 2871 1680 2946 virqui
1694 2872 1829 2943 inlelligit
1853 2890 1949 2947 super

244 2970 452 3033 adolescentia
467 2985 552 3028 mea.
570 2969 687 3027 sitibus
699 2962 980 3025 meusbenorabilis
993 2961 1068 3019 mihi
1120 2974 1260 3032 egenum,
1274 2964 1303 3019 et
1318 2976 1483 3034 pauperem
1500 2978 1506 3017 :
1522 2962 1552 3017 iu
1565 2960 1614 3018 die
1634 2960 1716 3019 mala
1726 2960 1864 3019 liberabit
1872 2979 1948 3020 eum

245 3050 867 3135 Bphraim‚sipuerdelieetus:quiaexquo
877 3050 1071 3110 locutussum'
1085 3030 1108 3089 C
1122 3050 1276 3108 Dominus.
1296 3048 1331 3107 P.
1350 3052 1385 3108 Bt
1402 3049 1491 3123 elegit
1507 3049 1591 3107 illum
1604 3048 1636 3112 ti.
1659 3049 1768 3118 Gloria,
1784 3055 1813 3109 et
1829 3051 1943 3110 honor.

245 3149 283 3206 de
294 3163 341 3214 eo,
357 3146 457 3203 adhuc
468 3142 649 3202 recordabor
662 3143 737 3216 ejus.
755 3139 934 3216 591deirco
949 3144 1068 3197 coutur-
1122 3142 1152 3196 P.
1168 3141 1201 3196 lit
1211 3139 1307 3211 elegit.

244 3237 318 3295 bata
329 3238 398 3292 sunt
407 3233 597 3291 visceramea
610 3245 702 3305 super
712 3246 792 3287 eum:
806 3226 970 3285 miserebor
980 3227 1068 3284 mise·
1157 3229 1271 3285 Lauda.
1287 3227 1476 3286 Inmemoria
1489 3232 1601 3286 aterna
1615 3228 1671 3286 erit
1680 3229 1790 3302 justus.
1805 3229 1945 3289 Alleluia.

246 3338 317 3382 rane
338 3321 413 3394 ejus,
428 3319 471 3380 ait
483 3316 628 3377 Dominus
642 3317 845 3390 omnipotens.
874 3314 1068 3388 Respondent·
1124 3315 1156 3372 P.
1172 3316 1217 3375 Ab
1231 3316 1336 3374 auditu
1349 3315 1431 3374 malo
1445 3332 1507 3375 non
1522 3317 1645 3376 timebit.
1664 3317 1799 3385 Alleluia,
1814 3319 1949 3389 alleluia,

245 3414 350 3472 Amen.
1124 3403 1251 3462 alleluia.
1266 3404 1298 3467 lt.
1315 3403 1423 3462 Potens
1434 3406 1465 3462 in
1479 3409 1558 3464 terra
1571 3407 1625 3464 erit
1639 3422 1741 3464 semen
1755 3408 1820 3480 ejus
1835 3425 1842 3462 :
1858 3424 1952 3481 gene·

462 3521 468 3532 ·
582 3495 728 3570 Hymnus.
1122 3492 1200 3551 ratio
1210 3497 1360 3550 rectorum
1374 3492 1576 3552 benedicetur.
1590 3495 1624 3550 P.
1637 3495 1682 3553 Ab
1695 3496 1800 3555 auditu
1811 3495 1904 3556 malo.
1913 3497 1949 3560 i.

374 3589 632 3646 Gaterrematrum
643 3585 802 3661 personat:
1124 3581 1235 3648 Gloria,
1251 3587 1279 3639 et
1288 3582 1395 3640 honor.
1409 3585 1441 3640 P.
1452 3583 1498 3642 Ab
1513 3584 1617 3642 auditu
1630 3584 1721 3643 malo.

270 3687 274 3694 ·
336 3674 454 3732 conlisa
463 3674 557 3732 defert
567 3675 703 3748 pignora,
1466 3673 1609 3745 Hymnus.

336 3763 469 3830 Quarum
483 3767 629 3835 tyrannus
641 3762 735 3820 millia
1215 3759 1299 3818 Glara
1309 3761 1486 3820 Sanctorum
1501 3778 1563 3820 una
1572 3761 1756 3820 Biemsalem

337 3850 450 3908 Christo
463 3849 590 3908 sacravit
601 3850 732 3909 victima.

371 3935 515 3996 iliraeulis
527 3936 610 3995 dedit
621 3936 714 3996 fidem

336 4025 451 4084 Habere
460 4041 492 4082 se
505 4022 600 4082 Deum
612 4025 741 4090 Patrem,

335 4111 456 4173 infirma
469 4128 580 4172 sanans
592 4128 726 4187 corpora,

335 4201 369 4261 lit
380 4201 527 4261 suscitans
537 4202 694 4261 cadavera.

373 4292 443 4348 Grai
450 4289 577 4348 salutem
588 4288 707 4348 servulo

336 4379 427 4437 Nixus
438 4394 519 4450 genu
532 4379 680 4446 Centurio,

336 4467 487 4526 credentis
500 4466 589 4525 ardor
597 4465 745 4541 plurimus

336 4556 464 4614 thinxit
476 4555 561 4628 ignes
573 4555 710 4614 febrium.

373 4645 478 4702 Petrus
489 4660 541 4719 per
550 4644 648 4703 undas
661 4642 796 4703 ambulat

339 4733 443 4793 Christi
454 4733 570 4792 levatus
580 4733 716 4801 dextera;

339 4825 728 4897 Naturaquemuegeverat,

338 4909 425 4968 Fides
438 4910 556 4986 paravit
568 4909 716 4969 semitam.

374 4999 474 5056 Bonos
483 4995 588 5056 matris
599 4999 628 5055 et
640 4997 796 5069 gaudium,

339 5087 490 5142 immensa
500 5101 569 5158 spes
579 5086 764 5145 credentium

341 5172 397 5230 Per
409 5178 473 5232 atra
486 5175 590 5232 mortis
603 5176 713 5250 pocula

341 5262 468 5320 Resolvit
476 5268 579 5322 nostra
589 5264 724 5322 crimina.

375 5353 520 5410 lamento
530 5351 633 5410 salutis
643 5357 756 5425 auctor,

342 5441 430 5508 Quod
441 5441 536 5500 uostn
544 5441 702 5516 quondam
714 5442 845 5516 corporis

1213 3851 1302 3908 llater
1315 3849 1467 3908 conlauda
1482 3867 1488 3906 :
1503 3851 1630 3909 nimium
1640 3850 1762 3920 laetare;

1214 3936 1278 3994 Filii
1290 3938 1375 3996 multi
1386 3939 1460 4012 quie
1470 3939 1680 4013 suntdeserloe,

1250 4027 1346 4093 Quam
1359 4027 1456 4085 virum
1471 4027 1596 4108 habens.

1248 4117 1389 4184 lacobus,
1404 4117 1444 4176 ob
1457 4118 1524 4186 hoc,
1541 4123 1622 4190 tuus,
1637 4118 1736 4176 dictus
1748 4119 1847 4191 iustus

1214 4206 1337 4263 Sacram
1351 4207 1524 4265 conscendit
1538 4223 1632 4276 sacer,
1646 4213 1675 4266 et
1684 4206 1825 4266 sacerdos

1213 4296 1305 4351 lntrat
1317 4295 1493 4351 Sanctorum
1506 4295 1587 4352 solus
1600 4296 1648 4352 hic
1663 4295 1695 4352 in
1709 4297 1828 4362 Sancta,

1247 4382 1336 4453 Virgo
1347 4381 1431 4455 quod
1440 4386 1529 4440 extat.

1250 4469 1342 4527 &rna
1354 4469 1403 4526 hic
1416 4471 1506 4528 irater
1516 4470 1632 4530 Domini
1639 4477 1774 4544 vocatus,

1215 4555 1314 4615 Gratia
1327 4557 1420 4616 fretus
1432 4563 1462 4618 et
1475 4559 1653 4634 Apostolatu

1214 4645 1323 4704 imbuit
1332 4646 1444 4722 plebes,
1460 4649 1673 4722 piacustodire

1248 4735 1396 4806 Dogmata
1407 4736 1523 4795 Christi.

1250 4822 1350 4882 Ardua
1362 4829 1430 4899 posi
1443 4826 1513 4884 hinc
1526 4826 1643 4901 positus
1653 4828 1685 4884 in
1696 4841 1765 4885 arce

1215 4912 1357 4970 Amalis:
1373 4912 1532 4984 Christum,
1544 4918 1576 4973 ut
1590 4920 1679 4985 neget
1688 4915 1815 4974 venisse:

1216 4998 1355 5059 Gonlutet
1369 5003 1478 5076 dogma
1491 5003 1616 5062 disserte
1628 5003 1791 5079 impiorum

1245 5089 1472 5151 Phaussorum.

1216 5178 1262 5236 Ad
1273 5180 1331 5238 hoc
1343 5181 1493 5255 impulsus
1507 5181 1581 5246 solo,
1597 5185 1627 5239 et
1641 5182 1792 5254 projectus

1219 5268 1289 5333 Stet,
1300 5268 1353 5325 sed
1363 5269 1485 5326 inlaesus
1500 5274 1656 5338 memorat,
1671 5271 1754 5342 quod
1764 5272 1866 5344 prius3

1217 5357 1342 5429 lloxque
1351 5355 1500 5414 lullonum
1512 5372 1591 5415 unus
1605 5359 1681 5417 iuste
1691 5374 1812 5432 morum

1254 5444 1414 5502 cerebrum
1426 5445 1530 5519 quatit.
