<?xml version="1.0" encoding="UTF-8"?>
<!DOCTYPE html PUBLIC "-//W3C//DTD XHTML 1.0 Transitional//EN"
    "http://www.w3.org/TR/xhtml1/DTD/xhtml1-transitional.dtd">
<html xmlns="http://www.w3.org/1999/xhtml" xml:lang="en" lang="en">
 <head>
  <title>
</title>
<meta http-equiv="Content-Type" content="text/html;charset=utf-8" />
  <meta name='ocr-system' content='tesseract 3.04.00' />
  <meta name='ocr-capabilities' content='ocr_page ocr_carea ocr_par ocr_line ocrx_word'/>
</head>
<body>
  <div class='ocr_page' id='page_1' title='image "./patrologiaecurs129unkngoog_0155.png"; bbox 0 0 4117 6175; ppageno 0'>
   <div class='ocr_carea' id='block_1_1' title="bbox 104 140 1814 261">
    <p class='ocr_par' dir='ltr' id='par_1_1' title="bbox 104 140 1814 261">
     <span class='ocr_line' id='line_1_1' title="bbox 104 140 1814 261; baseline 0.016 -38"><span class='ocrx_word' id='word_1_1' title='bbox 104 183 160 238; x_wconf 72' lang='lat'>297</span> <span class='ocrx_word' id='word_1_2' title='bbox 700 176 877 259; x_wconf 78' lang='lat' dir='ltr'>Dulttitlclt</span> <span class='ocrx_word' id='word_1_3' title='bbox 898 176 1230 250; x_wconf 78' lang='lat' dir='ltr'>ionennueusrun.</span> <span class='ocrx_word' id='word_1_4' title='bbox 1284 140 1286 147; x_wconf 41' lang='lat'><strong><em>⁴</em></strong></span> <span class='ocrx_word' id='word_1_5' title='bbox 1760 198 1814 261; x_wconf 68' lang='lat' dir='ltr'>ass</span> 
     </span>
    </p>
   </div>
   <div class='ocr_carea' id='block_1_2' title="bbox 7 299 1829 5619">
    <p class='ocr_par' dir='ltr' id='par_1_2' title="bbox 7 299 1829 5619">
     <span class='ocr_line' id='line_1_2' title="bbox 7 299 1813 395; baseline 0.01 -30"><span class='ocrx_word' id='word_1_6' title='bbox 7 339 8 348; x_wconf 30' lang='grc' dir='ltr'>ι</span> <span class='ocrx_word' id='word_1_7' title='bbox 102 322 186 365; x_wconf 87' lang='lat' dir='ltr'>eam.</span> <span class='ocrx_word' id='word_1_8' title='bbox 200 303 287 363; x_wconf 75' lang='lat' dir='ltr'>Venit</span> <span class='ocrx_word' id='word_1_9' title='bbox 296 305 398 363; x_wconf 88' lang='lat' dir='ltr'>autem</span> <span class='ocrx_word' id='word_1_10' title='bbox 404 302 483 360; x_wconf 90' lang='lat' dir='ltr'>Dens</span> <span class='ocrx_word' id='word_1_11' title='bbox 492 301 531 360; x_wconf 92' lang='lat' dir='ltr'>ad</span> <span class='ocrx_word' id='word_1_12' title='bbox 542 299 775 377; x_wconf 79' lang='lat' dir='ltr'>lbimelechpsr</span> <span class='ocrx_word' id='word_1_13' title='bbox 785 306 972 365; x_wconf 88' lang='lat' dir='ltr'>somninmll</span> <span class='ocrx_word' id='word_1_14' title='bbox 989 308 1047 367; x_wconf 87' lang='lat' dir='ltr'>Sed</span> <span class='ocrx_word' id='word_1_15' title='bbox 1060 310 1089 365; x_wconf 94' lang='lat' dir='ltr'>et</span> <span class='ocrx_word' id='word_1_16' title='bbox 1104 307 1201 367; x_wconf 87' lang='lat' dir='ltr'>filium</span> <span class='ocrx_word' id='word_1_17' title='bbox 1214 306 1329 367; x_wconf 83' lang='lat' dir='ltr'>ancilla</span> <span class='ocrx_word' id='word_1_18' title='bbox 1344 306 1455 375; x_wconf 82' lang='lat' dir='ltr'>faciam</span> <span class='ocrx_word' id='word_1_19' title='bbox 1468 317 1500 375; x_wconf 92' lang='lat' dir='ltr'>in</span> <span class='ocrx_word' id='word_1_20' title='bbox 1518 320 1638 390; x_wconf 64' lang='lat' dir='ltr'>genum</span> <span class='ocrx_word' id='word_1_21' title='bbox 1655 330 1813 395; x_wconf 86' lang='lat' dir='ltr'>magnam,</span> 
     </span>
     <span class='ocr_line' id='line_1_3' title="bbox 100 390 1815 481; baseline 0.011 -28"><span class='ocrx_word' id='word_1_22' title='bbox 100 395 211 462; x_wconf 86' lang='lat' dir='ltr'>noctis,</span> <span class='ocrx_word' id='word_1_23' title='bbox 227 397 257 452; x_wconf 89' lang='lat' dir='ltr'>el</span> <span class='ocrx_word' id='word_1_24' title='bbox 283 393 326 451; x_wconf 91' lang='lat' dir='ltr'>ait</span> <span class='ocrx_word' id='word_1_25' title='bbox 342 392 388 451; x_wconf 88' lang='lat' dir='ltr'>ei:</span> <span class='ocrx_word' id='word_1_26' title='bbox 419 394 462 449; x_wconf 81' lang='lat' dir='ltr'>lin</span> <span class='ocrx_word' id='word_1_27' title='bbox 474 390 609 449; x_wconf 90' lang='lat' dir='ltr'>morieris</span> <span class='ocrx_word' id='word_1_28' title='bbox 634 396 755 466; x_wconf 89' lang='lat' dir='ltr'>propter</span> <span class='ocrx_word' id='word_1_29' title='bbox 777 395 933 453; x_wconf 89' lang='lat' dir='ltr'>mulierem</span> <span class='ocrx_word' id='word_1_30' title='bbox 986 397 1171 471; x_wconf 88' lang='lat' dir='ltr'>qniasemen</span> <span class='ocrx_word' id='word_1_31' title='bbox 1180 401 1265 457; x_wconf 92' lang='lat' dir='ltr'>tuum</span> <span class='ocrx_word' id='word_1_32' title='bbox 1276 401 1466 463; x_wconf 76' lang='lat' dir='ltr'>estsurrsxit</span> <span class='ocrx_word' id='word_1_33' title='bbox 1479 406 1579 481; x_wconf 90' lang='lat' dir='ltr'>itaque</span> <span class='ocrx_word' id='word_1_34' title='bbox 1588 408 1743 471; x_wconf 73' lang='lat' dir='ltr'>Abraham</span> <span class='ocrx_word' id='word_1_35' title='bbox 1751 427 1815 471; x_wconf 90' lang='lat' dir='ltr'>ma·</span> 
     </span>
     <span class='ocr_line' id='line_1_4' title="bbox 7 480 1815 573; baseline 0.011 -32"><span class='ocrx_word' id='word_1_36' title='bbox 7 481 8 508; x_wconf 81' lang='lat'>³</span> <span class='ocrx_word' id='word_1_37' title='bbox 100 501 198 560; x_wconf 90' lang='lat' dir='ltr'>quarn</span> <span class='ocrx_word' id='word_1_38' title='bbox 214 482 328 541; x_wconf 86' lang='lat' dir='ltr'>tulisti:</span> <span class='ocrx_word' id='word_1_39' title='bbox 348 481 442 540; x_wconf 86' lang='lat' dir='ltr'>habet</span> <span class='ocrx_word' id='word_1_40' title='bbox 455 481 535 540; x_wconf 91' lang='lat' dir='ltr'>enim</span> <span class='ocrx_word' id='word_1_41' title='bbox 549 480 656 538; x_wconf 85' lang='lat' dir='ltr'>virum.</span> <span class='ocrx_word' id='word_1_42' title='bbox 670 482 841 541; x_wconf 81' lang='lat' dir='ltr'>Abimelech</span> <span class='ocrx_word' id='word_1_43' title='bbox 862 501 934 544; x_wconf 92' lang='lat' dir='ltr'>vero</span> <span class='ocrx_word' id='word_1_44' title='bbox 987 501 1035 558; x_wconf 87' lang='lat' dir='ltr'>ne,</span> <span class='ocrx_word' id='word_1_45' title='bbox 1047 489 1076 544; x_wconf 92' lang='lat' dir='ltr'>el</span> <span class='ocrx_word' id='word_1_46' title='bbox 1087 486 1193 545; x_wconf 90' lang='lat' dir='ltr'>tollens</span> <span class='ocrx_word' id='word_1_47' title='bbox 1207 503 1318 563; x_wconf 90' lang='lat' dir='ltr'>panem</span> <span class='ocrx_word' id='word_1_48' title='bbox 1339 494 1367 549; x_wconf 90' lang='lat' dir='ltr'>et</span> <span class='ocrx_word' id='word_1_49' title='bbox 1378 496 1475 552; x_wconf 91' lang='lat' dir='ltr'>utrem</span> <span class='ocrx_word' id='word_1_50' title='bbox 1487 511 1584 569; x_wconf 75' lang='lat' dir='ltr'>aquo,</span> <span class='ocrx_word' id='word_1_51' title='bbox 1597 496 1815 573; x_wconf 90' lang='lat' dir='ltr'>imposuitsca-</span> 
     </span>
     <span class='ocr_line' id='line_1_5' title="bbox 7 562 1814 656; baseline 0.009 -25"><span class='ocrx_word' id='word_1_52' title='bbox 7 609 8 618; x_wconf 25' lang='grc' dir='ltr'><strong>κ</strong></span> <span class='ocrx_word' id='word_1_53' title='bbox 100 589 163 632; x_wconf 90' lang='lat' dir='ltr'>non</span> <span class='ocrx_word' id='word_1_54' title='bbox 183 572 323 645; x_wconf 77' lang='lat' dir='ltr'>tetigerat</span> <span class='ocrx_word' id='word_1_55' title='bbox 337 586 416 639; x_wconf 86' lang='lat' dir='ltr'>eam,</span> <span class='ocrx_word' id='word_1_56' title='bbox 429 574 458 627; x_wconf 91' lang='lat' dir='ltr'>et</span> <span class='ocrx_word' id='word_1_57' title='bbox 483 570 544 628; x_wconf 86' lang='lat' dir='ltr'>ait:</span> <span class='ocrx_word' id='word_1_58' title='bbox 563 570 698 641; x_wconf 91' lang='lat' dir='ltr'>Domine,</span> <span class='ocrx_word' id='word_1_59' title='bbox 726 586 800 629; x_wconf 92' lang='lat' dir='ltr'>num</span> <span class='ocrx_word' id='word_1_60' title='bbox 814 579 934 646; x_wconf 89' lang='lat' dir='ltr'>gentem</span> <span class='ocrx_word' id='word_1_61' title='bbox 985 573 1067 648; x_wconf 75' lang='lat' dir='ltr'>pulte</span> <span class='ocrx_word' id='word_1_62' title='bbox 1076 575 1334 652; x_wconf 74' lang='lat' dir='ltr'>eJus,lradiditque</span> <span class='ocrx_word' id='word_1_63' title='bbox 1341 562 1512 654; x_wconf 83' lang='lat' dir='ltr'>puerum,&#39;et</span> <span class='ocrx_word' id='word_1_64' title='bbox 1530 582 1645 645; x_wconf 89' lang='lat' dir='ltr'>dimisit</span> <span class='ocrx_word' id='word_1_65' title='bbox 1655 604 1732 647; x_wconf 91' lang='lat' dir='ltr'>eam.</span> <span class='ocrx_word' id='word_1_66' title='bbox 1742 589 1814 656; x_wconf 74' lang='lat' dir='ltr'>Quae</span> 
     </span>
     <span class='ocr_line' id='line_1_6' title="bbox 100 658 1815 736; baseline 0.009 -15"><span class='ocrx_word' id='word_1_67' title='bbox 100 665 296 735; x_wconf 75' lang='lat' dir='ltr'>ignorantem</span> <span class='ocrx_word' id='word_1_68' title='bbox 309 666 340 718; x_wconf 87' lang='lat' dir='ltr'>et</span> <span class='ocrx_word' id='word_1_69' title='bbox 349 661 466 733; x_wconf 73' lang='lat' dir='ltr'>iustam</span> <span class='ocrx_word' id='word_1_70' title='bbox 476 658 658 718; x_wconf 76' lang='lat' dir='ltr'>interficies?</span> <span class='ocrx_word' id='word_1_71' title='bbox 674 663 777 719; x_wconf 87' lang='lat' dir='ltr'>Nonne</span> <span class='ocrx_word' id='word_1_72' title='bbox 791 662 857 736; x_wconf 90' lang='lat' dir='ltr'>ipse</span> <span class='ocrx_word' id='word_1_73' title='bbox 871 664 933 723; x_wconf 88' lang='lat' dir='ltr'>ait:</span> <span class='ocrx_word' id='word_1_74' title='bbox 987 679 1058 722; x_wconf 85' lang='lat' dir='ltr'>cum</span> <span class='ocrx_word' id='word_1_75' title='bbox 1071 662 1204 733; x_wconf 88' lang='lat' dir='ltr'>abiisset,</span> <span class='ocrx_word' id='word_1_76' title='bbox 1219 667 1338 727; x_wconf 89' lang='lat' dir='ltr'>errabat</span> <span class='ocrx_word' id='word_1_77' title='bbox 1349 668 1380 728; x_wconf 93' lang='lat' dir='ltr'>in</span> <span class='ocrx_word' id='word_1_78' title='bbox 1394 671 1553 732; x_wconf 79' lang='lat' dir='ltr'>solitudine</span> <span class='ocrx_word' id='word_1_79' title='bbox 1564 676 1718 735; x_wconf 77' lang='lat' dir='ltr'>Bersabee.</span> <span class='ocrx_word' id='word_1_80' title='bbox 1728 680 1815 736; x_wconf 84' lang='lat' dir='ltr'>Gum-</span> 
     </span>
     <span class='ocr_line' id='line_1_7' title="bbox 103 747 1815 841; baseline 0.009 -30"><span class='ocrx_word' id='word_1_81' title='bbox 103 754 196 811; x_wconf 88' lang='lat' dir='ltr'>Soror</span> <span class='ocrx_word' id='word_1_82' title='bbox 210 766 279 808; x_wconf 86' lang='lat' dir='ltr'>mea</span> <span class='ocrx_word' id='word_1_83' title='bbox 291 750 360 807; x_wconf 82' lang='lat' dir='ltr'>esti</span> <span class='ocrx_word' id='word_1_84' title='bbox 371 750 402 807; x_wconf 91' lang='lat' dir='ltr'>in</span> <span class='ocrx_word' id='word_1_85' title='bbox 418 747 599 822; x_wconf 86' lang='lat' dir='ltr'>simplicitate</span> <span class='ocrx_word' id='word_1_86' title='bbox 608 749 707 808; x_wconf 87' lang='lat' dir='ltr'>cordis</span> <span class='ocrx_word' id='word_1_87' title='bbox 720 751 790 819; x_wconf 87' lang='lat' dir='ltr'>mei,</span> <span class='ocrx_word' id='word_1_88' title='bbox 805 756 833 810; x_wconf 90' lang='lat' dir='ltr'>et</span> <span class='ocrx_word' id='word_1_89' title='bbox 847 768 934 809; x_wconf 88' lang='lat' dir='ltr'>mun·</span> <span class='ocrx_word' id='word_1_90' title='bbox 987 768 1046 827; x_wconf 89' lang='lat' dir='ltr'>que</span> <span class='ocrx_word' id='word_1_91' title='bbox 1061 762 1242 829; x_wconf 90' lang='lat' dir='ltr'>consumpta</span> <span class='ocrx_word' id='word_1_92' title='bbox 1256 762 1332 815; x_wconf 90' lang='lat' dir='ltr'>esset</span> <span class='ocrx_word' id='word_1_93' title='bbox 1347 775 1428 834; x_wconf 88' lang='lat' dir='ltr'>aqua</span> <span class='ocrx_word' id='word_1_94' title='bbox 1441 760 1472 818; x_wconf 93' lang='lat' dir='ltr'>in</span> <span class='ocrx_word' id='word_1_95' title='bbox 1481 765 1556 832; x_wconf 89' lang='lat' dir='ltr'>utre,</span> <span class='ocrx_word' id='word_1_96' title='bbox 1569 764 1815 841; x_wconf 85' lang='lat' dir='ltr'>abjecitpuerum</span> 
     </span>
     <span class='ocr_line' id='line_1_8' title="bbox 102 837 1815 927; baseline 0.008 -28"><span class='ocrx_word' id='word_1_97' title='bbox 102 841 178 899; x_wconf 92' lang='lat' dir='ltr'>ditia</span> <span class='ocrx_word' id='word_1_98' title='bbox 193 856 341 898; x_wconf 90' lang='lat' dir='ltr'>manuum</span> <span class='ocrx_word' id='word_1_99' title='bbox 356 853 493 896; x_wconf 89' lang='lat' dir='ltr'>mearum</span> <span class='ocrx_word' id='word_1_100' title='bbox 504 837 559 895; x_wconf 85' lang='lat' dir='ltr'>leci</span> <span class='ocrx_word' id='word_1_101' title='bbox 577 838 645 895; x_wconf 91' lang='lat' dir='ltr'>hoc.</span> <span class='ocrx_word' id='word_1_102' title='bbox 660 839 796 913; x_wconf 81' lang='lat' dir='ltr'>Dixitque</span> <span class='ocrx_word' id='word_1_103' title='bbox 810 841 935 899; x_wconf 92' lang='lat' dir='ltr'>adeum</span> <span class='ocrx_word' id='word_1_104' title='bbox 987 840 1091 900; x_wconf 81' lang='lat' dir='ltr'>subter</span> <span class='ocrx_word' id='word_1_105' title='bbox 1104 858 1198 902; x_wconf 88' lang='lat' dir='ltr'>unam</span> <span class='ocrx_word' id='word_1_106' title='bbox 1213 846 1433 924; x_wconf 72' lang='lat' dir='ltr'>arboremque</span> <span class='ocrx_word' id='word_1_107' title='bbox 1447 848 1490 909; x_wconf 91' lang='lat' dir='ltr'>ibi</span> <span class='ocrx_word' id='word_1_108' title='bbox 1499 855 1572 911; x_wconf 87' lang='lat' dir='ltr'>erat.</span> <span class='ocrx_word' id='word_1_109' title='bbox 1589 854 1714 927; x_wconf 87' lang='lat' dir='ltr'>Btabiit,</span> <span class='ocrx_word' id='word_1_110' title='bbox 1728 854 1815 915; x_wconf 91' lang='lat' dir='ltr'>sedit·</span> 
     </span>
     <span class='ocr_line' id='line_1_9' title="bbox 103 925 1814 1016; baseline 0.009 -29"><span class='ocrx_word' id='word_1_111' title='bbox 103 932 206 989; x_wconf 86' lang='lat' dir='ltr'>Dens:</span> <span class='ocrx_word' id='word_1_112' title='bbox 227 930 326 1001; x_wconf 79' lang='lat' dir='ltr'>Btego</span> <span class='ocrx_word' id='word_1_113' title='bbox 339 927 403 984; x_wconf 91' lang='lat' dir='ltr'>scio</span> <span class='ocrx_word' id='word_1_114' title='bbox 412 926 496 1001; x_wconf 88' lang='lat' dir='ltr'>qood</span> <span class='ocrx_word' id='word_1_115' title='bbox 516 925 644 1002; x_wconf 81' lang='lat' dir='ltr'>simplici</span> <span class='ocrx_word' id='word_1_116' title='bbox 657 927 748 985; x_wconf 89' lang='lat' dir='ltr'>corde</span> <span class='ocrx_word' id='word_1_117' title='bbox 769 928 891 991; x_wconf 83' lang='lat' dir='ltr'>feceris:</span> <span class='ocrx_word' id='word_1_118' title='bbox 906 935 936 990; x_wconf 90' lang='lat' dir='ltr'>et</span> <span class='ocrx_word' id='word_1_119' title='bbox 988 944 1073 1005; x_wconf 89' lang='lat' dir='ltr'>quse</span> <span class='ocrx_word' id='word_1_120' title='bbox 1084 932 1205 1005; x_wconf 89' lang='lat' dir='ltr'>regione</span> <span class='ocrx_word' id='word_1_121' title='bbox 1216 936 1322 1008; x_wconf 91' lang='lat' dir='ltr'>procul</span> <span class='ocrx_word' id='word_1_122' title='bbox 1333 941 1590 1014; x_wconf 88' lang='lat' dir='ltr'>quantumpotest</span> <span class='ocrx_word' id='word_1_123' title='bbox 1603 944 1814 1016; x_wconf 82' lang='lat' dir='ltr'>arcusjacere;</span> 
     </span>
     <span class='ocr_line' id='line_1_10' title="bbox 102 1017 1817 1104; baseline 0.008 -27"><span class='ocrx_word' id='word_1_124' title='bbox 102 1020 174 1077; x_wconf 90' lang='lat' dir='ltr'>ideo</span> <span class='ocrx_word' id='word_1_125' title='bbox 183 1018 333 1077; x_wconf 88' lang='lat' dir='ltr'>custodivi</span> <span class='ocrx_word' id='word_1_126' title='bbox 343 1024 414 1075; x_wconf 91' lang='lat' dir='ltr'>tene</span> <span class='ocrx_word' id='word_1_127' title='bbox 421 1026 561 1091; x_wconf 86' lang='lat' dir='ltr'>peccares</span> <span class='ocrx_word' id='word_1_128' title='bbox 570 1017 602 1073; x_wconf 92' lang='lat' dir='ltr'>in</span> <span class='ocrx_word' id='word_1_129' title='bbox 612 1018 935 1087; x_wconf 70' lang='lat' dir='ltr'>me,etnon.admisint</span> <span class='ocrx_word' id='word_1_130' title='bbox 988 1019 1062 1076; x_wconf 91' lang='lat' dir='ltr'>dixit</span> <span class='ocrx_word' id='word_1_131' title='bbox 1071 1022 1169 1078; x_wconf 86' lang='lat' dir='ltr'>enim:</span> <span class='ocrx_word' id='word_1_132' title='bbox 1185 1025 1249 1080; x_wconf 82' lang='lat' dir='ltr'>Nou</span> <span class='ocrx_word' id='word_1_133' title='bbox 1258 1024 1367 1084; x_wconf 86' lang='lat' dir='ltr'>videbo</span> <span class='ocrx_word' id='word_1_134' title='bbox 1374 1028 1552 1089; x_wconf 87' lang='lat' dir='ltr'>morientem</span> <span class='ocrx_word' id='word_1_135' title='bbox 1569 1045 1698 1104; x_wconf 88' lang='lat' dir='ltr'>puerum</span> <span class='ocrx_word' id='word_1_136' title='bbox 1710 1037 1758 1091; x_wconf 86' lang='lat' dir='ltr'>:et</span> <span class='ocrx_word' id='word_1_137' title='bbox 1771 1046 1817 1091; x_wconf 86' lang='lat' dir='ltr'>se·</span> 
     </span>
     <span class='ocr_line' id='line_1_11' title="bbox 102 1105 1817 1183; baseline 0.008 -17"><span class='ocrx_word' id='word_1_138' title='bbox 102 1112 244 1180; x_wconf 84' lang='lat' dir='ltr'>tangeres</span> <span class='ocrx_word' id='word_1_139' title='bbox 255 1122 336 1165; x_wconf 91' lang='lat' dir='ltr'>eam.</span> <span class='ocrx_word' id='word_1_140' title='bbox 346 1110 431 1164; x_wconf 88' lang='lat' dir='ltr'>Nunc</span> <span class='ocrx_word' id='word_1_141' title='bbox 443 1107 529 1179; x_wconf 72' lang='lat'>162</span> <span class='ocrx_word' id='word_1_142' title='bbox 538 1105 630 1176; x_wconf 90' lang='lat' dir='ltr'>igitur</span> <span class='ocrx_word' id='word_1_143' title='bbox 638 1106 730 1164; x_wconf 89' lang='lat' dir='ltr'>redde</span> <span class='ocrx_word' id='word_1_144' title='bbox 740 1123 865 1166; x_wconf 88' lang='lat' dir='ltr'>uxorem</span> <span class='ocrx_word' id='word_1_145' title='bbox 872 1109 935 1168; x_wconf 89' lang='lat' dir='ltr'>viro</span> <span class='ocrx_word' id='word_1_146' title='bbox 988 1107 1064 1165; x_wconf 90' lang='lat' dir='ltr'>dens</span> <span class='ocrx_word' id='word_1_147' title='bbox 1079 1109 1647 1183; x_wconf 72' lang='lat' dir='ltr'>conualevavitvocemsuametssevit.</span> <span class='ocrx_word' id='word_1_148' title='bbox 1661 1119 1817 1179; x_wconf 86' lang='lat' dir='ltr'>Bxaudivit</span> 
     </span>
     <span class='ocr_line' id='line_1_12' title="bbox 101 1193 1817 1279; baseline 0.006 -25"><span class='ocrx_word' id='word_1_149' title='bbox 101 1214 169 1264; x_wconf 88' lang='lat' dir='ltr'>suo,</span> <span class='ocrx_word' id='word_1_150' title='bbox 183 1196 417 1272; x_wconf 87' lang='lat' dir='ltr'>quiapropheta</span> <span class='ocrx_word' id='word_1_151' title='bbox 433 1201 496 1256; x_wconf 87' lang='lat' dir='ltr'>est:</span> <span class='ocrx_word' id='word_1_152' title='bbox 510 1193 608 1253; x_wconf 89' lang='lat' dir='ltr'>orabit</span> <span class='ocrx_word' id='word_1_153' title='bbox 622 1210 678 1268; x_wconf 90' lang='lat' dir='ltr'>pro</span> <span class='ocrx_word' id='word_1_154' title='bbox 692 1201 730 1263; x_wconf 88' lang='lat' dir='ltr'>te,</span> <span class='ocrx_word' id='word_1_155' title='bbox 747 1202 775 1254; x_wconf 92' lang='lat' dir='ltr'>et</span> <span class='ocrx_word' id='word_1_156' title='bbox 793 1198 874 1255; x_wconf 89' lang='lat' dir='ltr'>vives</span> <span class='ocrx_word' id='word_1_157' title='bbox 891 1198 936 1258; x_wconf 91' lang='lat' dir='ltr'>:si</span> <span class='ocrx_word' id='word_1_158' title='bbox 987 1198 1172 1255; x_wconf 89' lang='lat' dir='ltr'>autemDeus</span> <span class='ocrx_word' id='word_1_159' title='bbox 1178 1214 1281 1257; x_wconf 89' lang='lat' dir='ltr'>vocem</span> <span class='ocrx_word' id='word_1_160' title='bbox 1287 1201 1371 1274; x_wconf 89' lang='lat' dir='ltr'>pueri</span> <span class='ocrx_word' id='word_1_161' title='bbox 1381 1220 1387 1259; x_wconf 93' lang='lat'>:</span> <span class='ocrx_word' id='word_1_162' title='bbox 1397 1202 1575 1279; x_wconf 87' lang='lat' dir='ltr'>vocavitque</span> <span class='ocrx_word' id='word_1_163' title='bbox 1582 1205 1711 1278; x_wconf 75' lang='lat' dir='ltr'>Angelus</span> <span class='ocrx_word' id='word_1_164' title='bbox 1718 1204 1817 1264; x_wconf 92' lang='lat' dir='ltr'>Domi·</span> 
     </span>
     <span class='ocr_line' id='line_1_13' title="bbox 102 1282 1817 1365; baseline 0.005 -21"><span class='ocrx_word' id='word_1_165' title='bbox 102 1293 211 1344; x_wconf 90' lang='lat' dir='ltr'>antem</span> <span class='ocrx_word' id='word_1_166' title='bbox 226 1286 357 1344; x_wconf 86' lang='lat' dir='ltr'>nolueris</span> <span class='ocrx_word' id='word_1_167' title='bbox 367 1284 504 1353; x_wconf 85' lang='lat' dir='ltr'>reddere,</span> <span class='ocrx_word' id='word_1_168' title='bbox 513 1282 589 1341; x_wconf 90' lang='lat' dir='ltr'>scito</span> <span class='ocrx_word' id='word_1_169' title='bbox 601 1283 685 1357; x_wconf 89' lang='lat' dir='ltr'>quod</span> <span class='ocrx_word' id='word_1_170' title='bbox 697 1290 793 1343; x_wconf 89' lang='lat' dir='ltr'>morte</span> <span class='ocrx_word' id='word_1_171' title='bbox 799 1286 935 1344; x_wconf 89' lang='lat' dir='ltr'>morieris</span> <span class='ocrx_word' id='word_1_172' title='bbox 988 1283 1106 1357; x_wconf 81' lang='lat' dir='ltr'>niAgar</span> <span class='ocrx_word' id='word_1_173' title='bbox 1115 1286 1152 1343; x_wconf 91' lang='lat' dir='ltr'>de</span> <span class='ocrx_word' id='word_1_174' title='bbox 1160 1287 1246 1356; x_wconf 85' lang='lat' dir='ltr'>eoelo,</span> <span class='ocrx_word' id='word_1_175' title='bbox 1258 1287 1377 1347; x_wconf 89' lang='lat' dir='ltr'>dicens:</span> <span class='ocrx_word' id='word_1_176' title='bbox 1390 1291 1467 1358; x_wconf 85' lang='lat' dir='ltr'>ouid</span> <span class='ocrx_word' id='word_1_177' title='bbox 1477 1292 1543 1365; x_wconf 90' lang='lat' dir='ltr'>agis</span> <span class='ocrx_word' id='word_1_178' title='bbox 1550 1293 1722 1365; x_wconf 81' lang='lat' dir='ltr'>Agerinoli</span> <span class='ocrx_word' id='word_1_179' title='bbox 1733 1294 1817 1353; x_wconf 86' lang='lat' dir='ltr'>time·</span> 
     </span>
     <span class='ocr_line' id='line_1_14' title="bbox 102 1372 1816 1458; baseline 0.005 -25"><span class='ocrx_word' id='word_1_180' title='bbox 102 1379 148 1447; x_wconf 90' lang='lat' dir='ltr'>tu,</span> <span class='ocrx_word' id='word_1_181' title='bbox 162 1375 307 1433; x_wconf 90' lang='lat' dir='ltr'>etomnia</span> <span class='ocrx_word' id='word_1_182' title='bbox 318 1390 386 1447; x_wconf 80' lang='lat' dir='ltr'>qne</span> <span class='ocrx_word' id='word_1_183' title='bbox 396 1377 535 1432; x_wconf 86' lang='lat' dir='ltr'>tuasunt.</span> <span class='ocrx_word' id='word_1_184' title='bbox 548 1372 713 1446; x_wconf 86' lang='lat' dir='ltr'>Statimque</span> <span class='ocrx_word' id='word_1_185' title='bbox 723 1373 760 1430; x_wconf 94' lang='lat' dir='ltr'>de</span> <span class='ocrx_word' id='word_1_186' title='bbox 770 1379 856 1432; x_wconf 90' lang='lat' dir='ltr'>nocte</span> <span class='ocrx_word' id='word_1_187' title='bbox 866 1391 936 1434; x_wconf 90' lang='lat' dir='ltr'>con·</span> <span class='ocrx_word' id='word_1_188' title='bbox 987 1389 1019 1431; x_wconf 87' lang='lat' dir='ltr'>re</span> <span class='ocrx_word' id='word_1_189' title='bbox 1029 1374 1195 1433; x_wconf 80' lang='lat' dir='ltr'>:exaudivit</span> <span class='ocrx_word' id='word_1_190' title='bbox 1204 1376 1370 1435; x_wconf 86' lang='lat' dir='ltr'>enimDeus</span> <span class='ocrx_word' id='word_1_191' title='bbox 1378 1393 1483 1438; x_wconf 91' lang='lat' dir='ltr'>vocem</span> <span class='ocrx_word' id='word_1_192' title='bbox 1493 1382 1579 1456; x_wconf 91' lang='lat' dir='ltr'>pueri</span> <span class='ocrx_word' id='word_1_193' title='bbox 1589 1380 1627 1439; x_wconf 93' lang='lat' dir='ltr'>de</span> <span class='ocrx_word' id='word_1_194' title='bbox 1636 1382 1704 1441; x_wconf 87' lang='lat' dir='ltr'>loco</span> <span class='ocrx_word' id='word_1_195' title='bbox 1712 1383 1744 1441; x_wconf 89' lang='lat' dir='ltr'>in</span> <span class='ocrx_word' id='word_1_196' title='bbox 1753 1398 1816 1458; x_wconf 86' lang='lat' dir='ltr'>quc</span> 
     </span>
     <span class='ocr_line' id='line_1_15' title="bbox 102 1462 1815 1542; baseline 0.005 -21"><span class='ocrx_word' id='word_1_197' title='bbox 102 1480 234 1536; x_wconf 86' lang='lat' dir='ltr'>surgens</span> <span class='ocrx_word' id='word_1_198' title='bbox 248 1462 430 1529; x_wconf 68' lang='lat' dir='ltr'>abimelech,</span> <span class='ocrx_word' id='word_1_199' title='bbox 440 1462 559 1521; x_wconf 88' lang='lat' dir='ltr'>vocavit</span> <span class='ocrx_word' id='word_1_200' title='bbox 572 1476 677 1519; x_wconf 91' lang='lat' dir='ltr'>omnes</span> <span class='ocrx_word' id='word_1_201' title='bbox 689 1478 791 1521; x_wconf 90' lang='lat' dir='ltr'>servos</span> <span class='ocrx_word' id='word_1_202' title='bbox 808 1479 879 1521; x_wconf 89' lang='lat' dir='ltr'>suos</span> <span class='ocrx_word' id='word_1_203' title='bbox 890 1484 896 1525; x_wconf 93' lang='lat'>:</span> <span class='ocrx_word' id='word_1_204' title='bbox 907 1468 936 1523; x_wconf 90' lang='lat' dir='ltr'>et</span> <span class='ocrx_word' id='word_1_205' title='bbox 988 1463 1042 1521; x_wconf 88' lang='lat' dir='ltr'>est.</span> <span class='ocrx_word' id='word_1_206' title='bbox 1059 1463 1162 1536; x_wconf 89' lang='lat' dir='ltr'>Surge,</span> <span class='ocrx_word' id='word_1_207' title='bbox 1178 1469 1207 1524; x_wconf 90' lang='lat' dir='ltr'>et</span> <span class='ocrx_word' id='word_1_208' title='bbox 1221 1464 1288 1523; x_wconf 92' lang='lat' dir='ltr'>tolle</span> <span class='ocrx_word' id='word_1_209' title='bbox 1301 1481 1441 1542; x_wconf 92' lang='lat' dir='ltr'>puerum,</span> <span class='ocrx_word' id='word_1_210' title='bbox 1455 1472 1484 1527; x_wconf 86' lang='lat' dir='ltr'>et</span> <span class='ocrx_word' id='word_1_211' title='bbox 1491 1474 1557 1528; x_wconf 91' lang='lat' dir='ltr'>tene</span> <span class='ocrx_word' id='word_1_212' title='bbox 1572 1486 1698 1529; x_wconf 90' lang='lat' dir='ltr'>manum</span> <span class='ocrx_word' id='word_1_213' title='bbox 1711 1471 1790 1531; x_wconf 90' lang='lat' dir='ltr'>illius</span> <span class='ocrx_word' id='word_1_214' title='bbox 1808 1486 1815 1529; x_wconf 72' lang='grc' dir='ltr'>ι</span> 
     </span>
     <span class='ocr_line' id='line_1_16' title="bbox 100 1549 1818 1635; baseline 0.006 -26"><span class='ocrx_word' id='word_1_215' title='bbox 100 1552 223 1611; x_wconf 85' lang='lat' dir='ltr'>locutus</span> <span class='ocrx_word' id='word_1_216' title='bbox 235 1555 282 1610; x_wconf 89' lang='lat' dir='ltr'>est</span> <span class='ocrx_word' id='word_1_217' title='bbox 301 1552 442 1611; x_wconf 89' lang='lat' dir='ltr'>universa</span> <span class='ocrx_word' id='word_1_218' title='bbox 451 1549 546 1609; x_wconf 88' lang='lat' dir='ltr'>verba</span> <span class='ocrx_word' id='word_1_219' title='bbox 559 1550 623 1608; x_wconf 81' lang='lat' dir='ltr'>hese</span> <span class='ocrx_word' id='word_1_220' title='bbox 636 1551 668 1608; x_wconf 91' lang='lat' dir='ltr'>in</span> <span class='ocrx_word' id='word_1_221' title='bbox 683 1551 806 1609; x_wconf 88' lang='lat' dir='ltr'>auribus</span> <span class='ocrx_word' id='word_1_222' title='bbox 818 1568 933 1627; x_wconf 90' lang='lat' dir='ltr'>eorum,</span> <span class='ocrx_word' id='word_1_223' title='bbox 988 1552 1060 1625; x_wconf 87' lang='lat' dir='ltr'>quia</span> <span class='ocrx_word' id='word_1_224' title='bbox 1075 1551 1108 1609; x_wconf 92' lang='lat' dir='ltr'>in</span> <span class='ocrx_word' id='word_1_225' title='bbox 1127 1556 1246 1626; x_wconf 80' lang='lat' dir='ltr'>gentem</span> <span class='ocrx_word' id='word_1_226' title='bbox 1260 1569 1405 1628; x_wconf 90' lang='lat' dir='ltr'>magnam</span> <span class='ocrx_word' id='word_1_227' title='bbox 1416 1557 1526 1617; x_wconf 80' lang='lat' dir='ltr'>faciam</span> <span class='ocrx_word' id='word_1_228' title='bbox 1541 1574 1621 1618; x_wconf 90' lang='lat' dir='ltr'>eum.</span> <span class='ocrx_word' id='word_1_229' title='bbox 1636 1559 1818 1635; x_wconf 68' lang='lat' dir='ltr'>aperuique</span> 
     </span>
     <span class='ocr_line' id='line_1_17' title="bbox 101 1639 1820 1722; baseline 0.005 -23"><span class='ocrx_word' id='word_1_230' title='bbox 101 1642 328 1713; x_wconf 89' lang='lat' dir='ltr'>timueruntque</span> <span class='ocrx_word' id='word_1_231' title='bbox 335 1656 441 1698; x_wconf 91' lang='lat' dir='ltr'>omnes</span> <span class='ocrx_word' id='word_1_232' title='bbox 451 1640 506 1698; x_wconf 91' lang='lat' dir='ltr'>viri</span> <span class='ocrx_word' id='word_1_233' title='bbox 516 1639 614 1699; x_wconf 86' lang='lat' dir='ltr'>valde.</span> <span class='ocrx_word' id='word_1_234' title='bbox 626 1640 747 1698; x_wconf 87' lang='lat' dir='ltr'>Voeavit</span> <span class='ocrx_word' id='word_1_235' title='bbox 761 1645 860 1701; x_wconf 89' lang='lat' dir='ltr'>autem</span> <span class='ocrx_word' id='word_1_236' title='bbox 869 1644 936 1701; x_wconf 83' lang='lat' dir='ltr'>ilbi·</span> <span class='ocrx_word' id='word_1_237' title='bbox 951 1658 974 1715; x_wconf 82' lang='lat' dir='ltr'>g</span> <span class='ocrx_word' id='word_1_238' title='bbox 988 1641 1091 1700; x_wconf 92' lang='lat' dir='ltr'>oculos</span> <span class='ocrx_word' id='word_1_239' title='bbox 1104 1642 1168 1715; x_wconf 81' lang='lat' dir='ltr'>ejus</span> <span class='ocrx_word' id='word_1_240' title='bbox 1179 1644 1257 1702; x_wconf 90' lang='lat' dir='ltr'>Deus</span> <span class='ocrx_word' id='word_1_241' title='bbox 1271 1662 1278 1703; x_wconf 89' lang='lat'>:</span> <span class='ocrx_word' id='word_1_242' title='bbox 1294 1660 1362 1719; x_wconf 79' lang='lat' dir='ltr'>qum</span> <span class='ocrx_word' id='word_1_243' title='bbox 1371 1646 1478 1705; x_wconf 89' lang='lat' dir='ltr'>videus</span> <span class='ocrx_word' id='word_1_244' title='bbox 1494 1652 1726 1722; x_wconf 85' lang='lat' dir='ltr'>puteumaquee,</span> <span class='ocrx_word' id='word_1_245' title='bbox 1744 1647 1820 1708; x_wconf 85' lang='lat' dir='ltr'>abiit</span> 
     </span>
     <span class='ocr_line' id='line_1_18' title="bbox 100 1729 1819 1808; baseline 0.004 -20"><span class='ocrx_word' id='word_1_246' title='bbox 100 1732 220 1789; x_wconf 85' lang='lat' dir='ltr'>melech</span> <span class='ocrx_word' id='word_1_247' title='bbox 230 1731 325 1789; x_wconf 88' lang='lat' dir='ltr'>etiam</span> <span class='ocrx_word' id='word_1_248' title='bbox 338 1730 503 1796; x_wconf 69' lang='lat' dir='ltr'>ahraham,</span> <span class='ocrx_word' id='word_1_249' title='bbox 515 1733 544 1788; x_wconf 91' lang='lat' dir='ltr'>et</span> <span class='ocrx_word' id='word_1_250' title='bbox 558 1729 683 1787; x_wconf 90' lang='lat' dir='ltr'>dixitei:</span> <span class='ocrx_word' id='word_1_251' title='bbox 699 1730 776 1798; x_wconf 84' lang='lat' dir='ltr'>Quid</span> <span class='ocrx_word' id='word_1_252' title='bbox 784 1730 877 1789; x_wconf 87' lang='lat' dir='ltr'>iecisti</span> <span class='ocrx_word' id='word_1_253' title='bbox 883 1748 936 1791; x_wconf 90' lang='lat' dir='ltr'>no·</span> <span class='ocrx_word' id='word_1_254' title='bbox 988 1734 1017 1788; x_wconf 88' lang='lat' dir='ltr'>et</span> <span class='ocrx_word' id='word_1_255' title='bbox 1029 1729 1165 1805; x_wconf 86' lang='lat' dir='ltr'>implevit</span> <span class='ocrx_word' id='word_1_256' title='bbox 1175 1736 1283 1803; x_wconf 90' lang='lat' dir='ltr'>utrem,</span> <span class='ocrx_word' id='word_1_257' title='bbox 1308 1733 1450 1808; x_wconf 87' lang='lat' dir='ltr'>deditque</span> <span class='ocrx_word' id='word_1_258' title='bbox 1476 1749 1571 1808; x_wconf 88' lang='lat' dir='ltr'>puero</span> <span class='ocrx_word' id='word_1_259' title='bbox 1583 1736 1698 1794; x_wconf 85' lang='lat' dir='ltr'>bibere.</span> <span class='ocrx_word' id='word_1_260' title='bbox 1715 1738 1749 1794; x_wconf 80' lang='lat' dir='ltr'>ut</span> <span class='ocrx_word' id='word_1_261' title='bbox 1763 1736 1819 1795; x_wconf 83' lang='lat' dir='ltr'>tuit</span> 
     </span>
     <span class='ocr_line' id='line_1_19' title="bbox 99 1818 1819 1894; baseline 0.002 -16"><span class='ocrx_word' id='word_1_262' title='bbox 99 1820 251 1894; x_wconf 83' lang='lat' dir='ltr'>bis‘lquid</span> <span class='ocrx_word' id='word_1_263' title='bbox 263 1821 458 1893; x_wconf 75' lang='lat' dir='ltr'>peccavimus</span> <span class='ocrx_word' id='word_1_264' title='bbox 470 1819 503 1876; x_wconf 91' lang='lat' dir='ltr'>in</span> <span class='ocrx_word' id='word_1_265' title='bbox 515 1818 935 1894; x_wconf 85' lang='lat' dir='ltr'>te,quiainduxislisuperme</span> <span class='ocrx_word' id='word_1_266' title='bbox 988 1834 1058 1877; x_wconf 88' lang='lat' dir='ltr'>cum</span> <span class='ocrx_word' id='word_1_267' title='bbox 1073 1834 1109 1877; x_wconf 90' lang='lat' dir='ltr'>ec</span> <span class='ocrx_word' id='word_1_268' title='bbox 1125 1820 1195 1893; x_wconf 90' lang='lat' dir='ltr'>:qui</span> <span class='ocrx_word' id='word_1_269' title='bbox 1218 1820 1319 1888; x_wconf 89' lang='lat' dir='ltr'>crevit,</span> <span class='ocrx_word' id='word_1_270' title='bbox 1335 1826 1363 1879; x_wconf 94' lang='lat' dir='ltr'>et</span> <span class='ocrx_word' id='word_1_271' title='bbox 1377 1826 1513 1881; x_wconf 89' lang='lat' dir='ltr'>moratus</span> <span class='ocrx_word' id='word_1_272' title='bbox 1538 1824 1626 1881; x_wconf 91' lang='lat' dir='ltr'>estin</span> <span class='ocrx_word' id='word_1_273' title='bbox 1648 1822 1819 1891; x_wconf 88' lang='lat' dir='ltr'>solitudine,</span> 
     </span>
     <span class='ocr_line' id='line_1_20' title="bbox 103 1907 1817 1986; baseline 0.003 -20"><span class='ocrx_word' id='word_1_274' title='bbox 103 1913 372 1982; x_wconf 87' lang='lat' dir='ltr'>etsuperregnnm</span> <span class='ocrx_word' id='word_1_275' title='bbox 380 1912 645 1981; x_wconf 90' lang='lat' dir='ltr'>meumpeccatnm</span> <span class='ocrx_word' id='word_1_276' title='bbox 653 1907 862 1984; x_wconf 78' lang='lat' dir='ltr'>grandeiquae</span> <span class='ocrx_word' id='word_1_277' title='bbox 873 1926 935 1969; x_wconf 92' lang='lat' dir='ltr'>non</span> <span class='ocrx_word' id='word_1_278' title='bbox 987 1907 1145 1982; x_wconf 86' lang='lat' dir='ltr'>iactusque</span> <span class='ocrx_word' id='word_1_279' title='bbox 1159 1913 1203 1967; x_wconf 89' lang='lat' dir='ltr'>est</span> <span class='ocrx_word' id='word_1_280' title='bbox 1214 1910 1332 1982; x_wconf 84' lang='lat' dir='ltr'>juvenis</span> <span class='ocrx_word' id='word_1_281' title='bbox 1355 1911 1534 1984; x_wconf 87' lang='lat' dir='ltr'>sagittarius.</span> <span class='ocrx_word' id='word_1_282' title='bbox 1559 1911 1771 1986; x_wconf 85' lang='lat' dir='ltr'>Habitabitque</span> <span class='ocrx_word' id='word_1_283' title='bbox 1784 1911 1817 1971; x_wconf 89' lang='lat' dir='ltr'>in</span> 
     </span>
     <span class='ocr_line' id='line_1_21' title="bbox 101 1996 1817 2074; baseline 0.005 -21"><span class='ocrx_word' id='word_1_284' title='bbox 101 1997 235 2055; x_wconf 85' lang='lat' dir='ltr'>debuisti</span> <span class='ocrx_word' id='word_1_285' title='bbox 250 1997 360 2064; x_wconf 85' lang='lat' dir='ltr'>lacere,</span> <span class='ocrx_word' id='word_1_286' title='bbox 371 1996 464 2054; x_wconf 85' lang='lat' dir='ltr'>iecisti</span> <span class='ocrx_word' id='word_1_287' title='bbox 485 1996 582 2054; x_wconf 88' lang='lat' dir='ltr'>nobis.</span> <span class='ocrx_word' id='word_1_288' title='bbox 603 1998 776 2071; x_wconf 81' lang='lat' dir='ltr'>Rursusque</span> <span class='ocrx_word' id='word_1_289' title='bbox 797 2004 936 2073; x_wconf 89' lang='lat' dir='ltr'>expostu·</span> <span class='ocrx_word' id='word_1_290' title='bbox 988 1996 1106 2055; x_wconf 91' lang='lat' dir='ltr'>deserto</span> <span class='ocrx_word' id='word_1_291' title='bbox 1118 1997 1248 2068; x_wconf 88' lang='lat' dir='ltr'>Pharan,</span> <span class='ocrx_word' id='word_1_292' title='bbox 1260 2000 1456 2074; x_wconf 90' lang='lat' dir='ltr'>etaccepitilli</span> <span class='ocrx_word' id='word_1_293' title='bbox 1463 2006 1623 2060; x_wconf 89' lang='lat' dir='ltr'>matersua</span> <span class='ocrx_word' id='word_1_294' title='bbox 1638 2016 1763 2061; x_wconf 89' lang='lat' dir='ltr'>uxorem</span> <span class='ocrx_word' id='word_1_295' title='bbox 1778 2000 1817 2061; x_wconf 89' lang='lat' dir='ltr'>de</span> 
     </span>
     <span class='ocr_line' id='line_1_22' title="bbox 100 2084 1820 2165; baseline 0.004 -22"><span class='ocrx_word' id='word_1_296' title='bbox 100 2087 180 2154; x_wconf 89' lang='lat' dir='ltr'>lans,</span> <span class='ocrx_word' id='word_1_297' title='bbox 198 2087 242 2143; x_wconf 89' lang='lat' dir='ltr'>ait</span> <span class='ocrx_word' id='word_1_298' title='bbox 257 2102 265 2143; x_wconf 76' lang='grc' dir='ltr'>ε</span> <span class='ocrx_word' id='word_1_299' title='bbox 280 2086 359 2154; x_wconf 79' lang='lat' dir='ltr'>Quid</span> <span class='ocrx_word' id='word_1_300' title='bbox 373 2086 481 2151; x_wconf 89' lang='lat' dir='ltr'>vidisti,</span> <span class='ocrx_word' id='word_1_301' title='bbox 499 2089 532 2143; x_wconf 89' lang='lat' dir='ltr'>ut</span> <span class='ocrx_word' id='word_1_302' title='bbox 544 2084 602 2143; x_wconf 91' lang='lat' dir='ltr'>hoc</span> <span class='ocrx_word' id='word_1_303' title='bbox 614 2085 727 2144; x_wconf 89' lang='lat' dir='ltr'>iaceres</span> <span class='ocrx_word' id='word_1_304' title='bbox 741 2087 756 2143; x_wconf 88' lang='lat' dir='ltr'>‘l</span> <span class='ocrx_word' id='word_1_305' title='bbox 770 2087 937 2162; x_wconf 83' lang='lat' dir='ltr'>Respondit</span> <span class='ocrx_word' id='word_1_306' title='bbox 989 2093 1067 2145; x_wconf 87' lang='lat' dir='ltr'>terra</span> <span class='ocrx_word' id='word_1_307' title='bbox 1082 2088 1210 2163; x_wconf 81' lang='lat' dir='ltr'>AEgypti.</span> <span class='ocrx_word' id='word_1_308' title='bbox 1225 2088 1337 2147; x_wconf 82' lang='lat' dir='ltr'>Eodem</span> <span class='ocrx_word' id='word_1_309' title='bbox 1349 2093 1484 2165; x_wconf 87' lang='lat' dir='ltr'>tempore</span> <span class='ocrx_word' id='word_1_310' title='bbox 1500 2091 1574 2149; x_wconf 89' lang='lat' dir='ltr'>dixit</span> <span class='ocrx_word' id='word_1_311' title='bbox 1597 2089 1780 2163; x_wconf 87' lang='lat' dir='ltr'>Abimclech,</span> <span class='ocrx_word' id='word_1_312' title='bbox 1791 2094 1820 2151; x_wconf 87' lang='lat' dir='ltr'>et</span> 
     </span>
     <span class='ocr_line' id='line_1_23' title="bbox 101 2173 1819 2253; baseline 0.002 -20"><span class='ocrx_word' id='word_1_313' title='bbox 101 2176 260 2233; x_wconf 81' lang='lat' dir='ltr'>Abraham</span> <span class='ocrx_word' id='word_1_314' title='bbox 274 2195 281 2231; x_wconf 74' lang='grc' dir='ltr'><strong><em>ε</em></strong></span> <span class='ocrx_word' id='word_1_315' title='bbox 297 2174 433 2247; x_wconf 83' lang='lat' dir='ltr'>Cogitavi</span> <span class='ocrx_word' id='word_1_316' title='bbox 442 2190 572 2243; x_wconf 93' lang='lat' dir='ltr'>mecum,</span> <span class='ocrx_word' id='word_1_317' title='bbox 585 2173 707 2235; x_wconf 88' lang='lat' dir='ltr'>dicens:</span> <span class='ocrx_word' id='word_1_318' title='bbox 723 2176 861 2233; x_wconf 84' lang='lat' dir='ltr'>Forsitan</span> <span class='ocrx_word' id='word_1_319' title='bbox 873 2191 937 2234; x_wconf 92' lang='lat' dir='ltr'>non</span> <span class='ocrx_word' id='word_1_320' title='bbox 990 2175 1093 2235; x_wconf 89' lang='lat' dir='ltr'>Phleol</span> <span class='ocrx_word' id='word_1_321' title='bbox 1107 2177 1246 2253; x_wconf 88' lang='lat' dir='ltr'>princeps</span> <span class='ocrx_word' id='word_1_322' title='bbox 1260 2180 1405 2237; x_wconf 86' lang='lat' dir='ltr'>exereitus</span> <span class='ocrx_word' id='word_1_323' title='bbox 1427 2180 1491 2253; x_wconf 84' lang='lat' dir='ltr'>ejus</span> <span class='ocrx_word' id='word_1_324' title='bbox 1500 2178 1541 2237; x_wconf 91' lang='lat' dir='ltr'>ad</span> <span class='ocrx_word' id='word_1_325' title='bbox 1550 2179 1703 2239; x_wconf 80' lang='lat' dir='ltr'>Abraham</span> <span class='ocrx_word' id='word_1_326' title='bbox 1720 2201 1727 2238; x_wconf 90' lang='lat'><strong>:</strong></span> <span class='ocrx_word' id='word_1_327' title='bbox 1741 2180 1819 2239; x_wconf 86' lang='lat' dir='ltr'>Deus</span> 
     </span>
     <span class='ocr_line' id='line_1_24' title="bbox 103 2263 1819 2345; baseline 0.002 -22"><span class='ocrx_word' id='word_1_328' title='bbox 103 2270 147 2323; x_wconf 80' lang='lat' dir='ltr'>est</span> <span class='ocrx_word' id='word_1_329' title='bbox 159 2266 257 2324; x_wconf 92' lang='lat' dir='ltr'>timor</span> <span class='ocrx_word' id='word_1_330' title='bbox 267 2266 356 2322; x_wconf 92' lang='lat' dir='ltr'>Deiin</span> <span class='ocrx_word' id='word_1_331' title='bbox 366 2263 518 2322; x_wconf 88' lang='lat' dir='ltr'>loccisto:</span> <span class='ocrx_word' id='word_1_332' title='bbox 535 2264 746 2323; x_wconf 86' lang='lat' dir='ltr'>etinlerrieient</span> <span class='ocrx_word' id='word_1_333' title='bbox 757 2270 938 2339; x_wconf 89' lang='lat' dir='ltr'>meprcpter</span> <span class='ocrx_word' id='word_1_334' title='bbox 990 2269 1091 2324; x_wconf 91' lang='lat' dir='ltr'>tecum</span> <span class='ocrx_word' id='word_1_335' title='bbox 1102 2267 1187 2324; x_wconf 91' lang='lat' dir='ltr'>estin</span> <span class='ocrx_word' id='word_1_336' title='bbox 1200 2267 1423 2343; x_wconf 77' lang='lat' dir='ltr'>universisque</span> <span class='ocrx_word' id='word_1_337' title='bbox 1434 2268 1509 2341; x_wconf 87' lang='lat' dir='ltr'>agis.</span> <span class='ocrx_word' id='word_1_338' title='bbox 1525 2271 1597 2329; x_wconf 85' lang='lat' dir='ltr'>iura</span> <span class='ocrx_word' id='word_1_339' title='bbox 1610 2285 1681 2342; x_wconf 88' lang='lat' dir='ltr'>ergo</span> <span class='ocrx_word' id='word_1_340' title='bbox 1696 2284 1751 2345; x_wconf 89' lang='lat' dir='ltr'>per</span> <span class='ocrx_word' id='word_1_341' title='bbox 1763 2267 1819 2326; x_wconf 86' lang='lat' dir='ltr'>Do-</span> 
     </span>
     <span class='ocr_line' id='line_1_25' title="bbox 102 2353 1819 2434; baseline 0.001 -21"><span class='ocrx_word' id='word_1_342' title='bbox 102 2370 232 2413; x_wconf 90' lang='lat' dir='ltr'>nxorem</span> <span class='ocrx_word' id='word_1_343' title='bbox 243 2369 346 2411; x_wconf 88' lang='lat' dir='ltr'>meam</span> <span class='ocrx_word' id='word_1_344' title='bbox 362 2370 369 2407; x_wconf 76' lang='grc' dir='ltr'><strong>ε</strong></span> <span class='ocrx_word' id='word_1_345' title='bbox 384 2353 460 2412; x_wconf 87' lang='lat' dir='ltr'>alias</span> <span class='ocrx_word' id='word_1_346' title='bbox 474 2357 613 2411; x_wconf 87' lang='lat' dir='ltr'>autemst</span> <span class='ocrx_word' id='word_1_347' title='bbox 626 2368 695 2412; x_wconf 90' lang='lat' dir='ltr'>vere</span> <span class='ocrx_word' id='word_1_348' title='bbox 709 2358 936 2423; x_wconf 89' lang='lat' dir='ltr'>sorcrmeaest,</span> <span class='ocrx_word' id='word_1_349' title='bbox 990 2355 1118 2424; x_wconf 91' lang='lat' dir='ltr'>minum,</span> <span class='ocrx_word' id='word_1_350' title='bbox 1130 2371 1169 2414; x_wconf 89' lang='lat' dir='ltr'>ne</span> <span class='ocrx_word' id='word_1_351' title='bbox 1178 2371 1289 2416; x_wconf 87' lang='lat' dir='ltr'>noceas</span> <span class='ocrx_word' id='word_1_352' title='bbox 1298 2357 1423 2426; x_wconf 73' lang='lat' dir='ltr'>mihist</span> <span class='ocrx_word' id='word_1_353' title='bbox 1434 2358 1561 2434; x_wconf 86' lang='lat' dir='ltr'>posteris</span> <span class='ocrx_word' id='word_1_354' title='bbox 1574 2358 1661 2431; x_wconf 90' lang='lat' dir='ltr'>meis,</span> <span class='ocrx_word' id='word_1_355' title='bbox 1676 2357 1819 2433; x_wconf 87' lang='lat' dir='ltr'>stirpique</span> 
     </span>
     <span class='ocr_line' id='line_1_26' title="bbox 102 2441 1820 2521; baseline 0.002 -20"><span class='ocrx_word' id='word_1_356' title='bbox 102 2444 166 2501; x_wconf 86' lang='lat' dir='ltr'>tilia</span> <span class='ocrx_word' id='word_1_357' title='bbox 180 2444 280 2517; x_wconf 86' lang='lat' dir='ltr'>patris</span> <span class='ocrx_word' id='word_1_358' title='bbox 291 2442 461 2511; x_wconf 91' lang='lat' dir='ltr'>mei,elnon</span> <span class='ocrx_word' id='word_1_359' title='bbox 470 2441 643 2500; x_wconf 89' lang='lat' dir='ltr'>filiamalris</span> <span class='ocrx_word' id='word_1_360' title='bbox 653 2458 738 2511; x_wconf 83' lang='lat' dir='ltr'>meae,</span> <span class='ocrx_word' id='word_1_361' title='bbox 747 2446 777 2502; x_wconf 91' lang='lat' dir='ltr'>et</span> <span class='ocrx_word' id='word_1_362' title='bbox 790 2443 938 2503; x_wconf 87' lang='lat' dir='ltr'>duxieam</span> <span class='ocrx_word' id='word_1_363' title='bbox 990 2460 1066 2503; x_wconf 81' lang='lat' dir='ltr'>meoe</span> <span class='ocrx_word' id='word_1_364' title='bbox 1076 2463 1083 2515; x_wconf 90' lang='lat'>;</span> <span class='ocrx_word' id='word_1_365' title='bbox 1093 2444 1488 2520; x_wconf 86' lang='lat' dir='ltr'>sedjuxtamisericordiam,</span> <span class='ocrx_word' id='word_1_366' title='bbox 1498 2446 1820 2521; x_wconf 84' lang='lat' dir='ltr'>quamieeilibi,facies</span> 
     </span>
     <span class='ocr_line' id='line_1_27' title="bbox 102 2530 1819 2611; baseline 0.002 -21"><span class='ocrx_word' id='word_1_367' title='bbox 102 2533 131 2590; x_wconf 93' lang='lat' dir='ltr'>in</span> <span class='ocrx_word' id='word_1_368' title='bbox 146 2548 292 2591; x_wconf 86' lang='lat' dir='ltr'>uxorem.</span> <span class='ocrx_word' id='word_1_369' title='bbox 306 2534 469 2606; x_wconf 89' lang='lat' dir='ltr'>Postquam</span> <span class='ocrx_word' id='word_1_370' title='bbox 482 2531 584 2588; x_wconf 89' lang='lat' dir='ltr'>eduxit</span> <span class='ocrx_word' id='word_1_371' title='bbox 592 2546 640 2588; x_wconf 92' lang='lat' dir='ltr'>me</span> <span class='ocrx_word' id='word_1_372' title='bbox 647 2530 726 2589; x_wconf 87' lang='lat' dir='ltr'>Deus</span> <span class='ocrx_word' id='word_1_373' title='bbox 736 2532 774 2590; x_wconf 91' lang='lat' dir='ltr'>de</span> <span class='ocrx_word' id='word_1_374' title='bbox 784 2532 877 2591; x_wconf 91' lang='lat' dir='ltr'>domo</span> <span class='ocrx_word' id='word_1_375' title='bbox 886 2548 939 2608; x_wconf 91' lang='lat' dir='ltr'>pa·</span> <span class='ocrx_word' id='word_1_376' title='bbox 991 2534 1075 2602; x_wconf 89' lang='lat' dir='ltr'>mibi,</span> <span class='ocrx_word' id='word_1_377' title='bbox 1091 2538 1120 2591; x_wconf 89' lang='lat' dir='ltr'>et</span> <span class='ocrx_word' id='word_1_378' title='bbox 1130 2538 1214 2593; x_wconf 80' lang='lat' dir='ltr'>terrm</span> <span class='ocrx_word' id='word_1_379' title='bbox 1224 2535 1254 2592; x_wconf 93' lang='lat' dir='ltr'>in</span> <span class='ocrx_word' id='word_1_380' title='bbox 1268 2551 1327 2609; x_wconf 92' lang='lat' dir='ltr'>qua</span> <span class='ocrx_word' id='word_1_381' title='bbox 1339 2541 1476 2595; x_wconf 84' lang='lat' dir='ltr'>versatus</span> <span class='ocrx_word' id='word_1_382' title='bbox 1490 2553 1523 2594; x_wconf 93' lang='lat' dir='ltr'>es</span> <span class='ocrx_word' id='word_1_383' title='bbox 1536 2537 1667 2596; x_wconf 89' lang='lat' dir='ltr'>advena.</span> <span class='ocrx_word' id='word_1_384' title='bbox 1681 2536 1819 2611; x_wconf 75' lang='lat' dir='ltr'>dixitque</span> 
     </span>
     <span class='ocr_line' id='line_1_28' title="bbox 102 2620 1820 2699; baseline 0.002 -20"><span class='ocrx_word' id='word_1_385' title='bbox 102 2623 154 2679; x_wconf 85' lang='lat' dir='ltr'>tris</span> <span class='ocrx_word' id='word_1_386' title='bbox 169 2621 245 2694; x_wconf 90' lang='lat' dir='ltr'>mei,</span> <span class='ocrx_word' id='word_1_387' title='bbox 261 2620 326 2678; x_wconf 91' lang='lat' dir='ltr'>dixi</span> <span class='ocrx_word' id='word_1_388' title='bbox 340 2620 380 2679; x_wconf 92' lang='lat' dir='ltr'>ad</span> <span class='ocrx_word' id='word_1_389' title='bbox 399 2636 468 2679; x_wconf 90' lang='lat' dir='ltr'>eam</span> <span class='ocrx_word' id='word_1_390' title='bbox 482 2637 488 2677; x_wconf 93' lang='lat'>:</span> <span class='ocrx_word' id='word_1_391' title='bbox 501 2620 584 2679; x_wconf 85' lang='lat' dir='ltr'>Hanc</span> <span class='ocrx_word' id='word_1_392' title='bbox 599 2621 835 2679; x_wconf 86' lang='lat' dir='ltr'>misericordiam</span> <span class='ocrx_word' id='word_1_393' title='bbox 847 2622 939 2680; x_wconf 89' lang='lat' dir='ltr'>iacies</span> <span class='ocrx_word' id='word_1_394' title='bbox 992 2621 1144 2679; x_wconf 78' lang='lat' dir='ltr'>Abraham</span> <span class='ocrx_word' id='word_1_395' title='bbox 1161 2638 1167 2673; x_wconf 94' lang='lat'><strong>:</strong></span> <span class='ocrx_word' id='word_1_396' title='bbox 1189 2624 1249 2693; x_wconf 78' lang='lat' dir='ltr'>Ego</span> <span class='ocrx_word' id='word_1_397' title='bbox 1267 2623 1386 2695; x_wconf 82' lang='lat' dir='ltr'>jurabo.</span> <span class='ocrx_word' id='word_1_398' title='bbox 1417 2626 1450 2680; x_wconf 89' lang='lat' dir='ltr'>Bt</span> <span class='ocrx_word' id='word_1_399' title='bbox 1468 2624 1634 2699; x_wconf 82' lang='lat' dir='ltr'>increpavit</span> <span class='ocrx_word' id='word_1_400' title='bbox 1647 2624 1820 2683; x_wconf 78' lang='lat' dir='ltr'>ahimelech</span> 
     </span>
     <span class='ocr_line' id='line_1_29' title="bbox 102 2709 1818 2784; baseline 0 -17"><span class='ocrx_word' id='word_1_401' title='bbox 102 2727 227 2769; x_wconf 90' lang='lat' dir='ltr'>mecum</span> <span class='ocrx_word' id='word_1_402' title='bbox 239 2727 247 2767; x_wconf 77' lang='grc' dir='ltr'><strong><em>ε</em></strong></span> <span class='ocrx_word' id='word_1_403' title='bbox 259 2710 293 2767; x_wconf 92' lang='lat' dir='ltr'>in</span> <span class='ocrx_word' id='word_1_404' title='bbox 305 2710 389 2767; x_wconf 90' lang='lat' dir='ltr'>omni</span> <span class='ocrx_word' id='word_1_405' title='bbox 403 2709 479 2777; x_wconf 91' lang='lat' dir='ltr'>loco,</span> <span class='ocrx_word' id='word_1_406' title='bbox 497 2709 536 2768; x_wconf 92' lang='lat' dir='ltr'>ad</span> <span class='ocrx_word' id='word_1_407' title='bbox 550 2725 642 2784; x_wconf 90' lang='lat' dir='ltr'>quem</span> <span class='ocrx_word' id='word_1_408' title='bbox 654 2709 846 2781; x_wconf 90' lang='lat' dir='ltr'>ingredimur,</span> <span class='ocrx_word' id='word_1_409' title='bbox 855 2711 937 2769; x_wconf 89' lang='lat' dir='ltr'>dices</span> <span class='ocrx_word' id='word_1_410' title='bbox 991 2712 1232 2783; x_wconf 90' lang='lat' dir='ltr'>propterputeum</span> <span class='ocrx_word' id='word_1_411' title='bbox 1241 2724 1329 2783; x_wconf 79' lang='lat' dir='ltr'>aquoe</span> <span class='ocrx_word' id='word_1_412' title='bbox 1336 2709 1818 2784; x_wconf 81' lang='lat' dir='ltr'>quemviabstulerantserviejus.</span> 
     </span>
     <span class='ocr_line' id='line_1_30' title="bbox 102 2796 1818 2875; baseline 0 -18"><span class='ocrx_word' id='word_1_413' title='bbox 102 2800 188 2875; x_wconf 91' lang='lat' dir='ltr'>quod</span> <span class='ocrx_word' id='word_1_414' title='bbox 200 2800 296 2857; x_wconf 85' lang='lat' dir='ltr'>trater</span> <span class='ocrx_word' id='word_1_415' title='bbox 307 2802 377 2857; x_wconf 91' lang='lat' dir='ltr'>tuus</span> <span class='ocrx_word' id='word_1_416' title='bbox 384 2798 451 2855; x_wconf 90' lang='lat' dir='ltr'>sim.</span> <span class='ocrx_word' id='word_1_417' title='bbox 461 2797 535 2855; x_wconf 87' lang='lat' dir='ltr'>Tulit</span> <span class='ocrx_word' id='word_1_418' title='bbox 546 2798 637 2869; x_wconf 93' lang='lat' dir='ltr'>igitur</span> <span class='ocrx_word' id='word_1_419' title='bbox 647 2798 819 2857; x_wconf 66' lang='lat' dir='ltr'>abimelech</span> <span class='ocrx_word' id='word_1_420' title='bbox 826 2815 897 2857; x_wconf 80' lang='lat' dir='ltr'>oves</span> <span class='ocrx_word' id='word_1_421' title='bbox 909 2804 939 2859; x_wconf 90' lang='lat' dir='ltr'>et</span> <span class='ocrx_word' id='word_1_422' title='bbox 991 2796 1340 2873; x_wconf 78' lang='lat' dir='ltr'>Desponditehimstech:</span> <span class='ocrx_word' id='word_1_423' title='bbox 1351 2796 1818 2870; x_wconf 72' lang='lat' dir='ltr'>Nescivlquislecerithancremz</span> 
     </span>
     <span class='ocr_line' id='line_1_31' title="bbox 102 2885 1821 2962; baseline -0.001 -16"><span class='ocrx_word' id='word_1_424' title='bbox 102 2890 209 2957; x_wconf 87' lang='lat' dir='ltr'>boves,</span> <span class='ocrx_word' id='word_1_425' title='bbox 218 2893 248 2946; x_wconf 93' lang='lat' dir='ltr'>et</span> <span class='ocrx_word' id='word_1_426' title='bbox 257 2903 362 2946; x_wconf 87' lang='lat' dir='ltr'>servos</span> <span class='ocrx_word' id='word_1_427' title='bbox 373 2891 401 2946; x_wconf 91' lang='lat' dir='ltr'>et</span> <span class='ocrx_word' id='word_1_428' title='bbox 411 2887 545 2954; x_wconf 88' lang='lat' dir='ltr'>ancillae,</span> <span class='ocrx_word' id='word_1_429' title='bbox 554 2891 583 2945; x_wconf 93' lang='lat' dir='ltr'>et</span> <span class='ocrx_word' id='word_1_430' title='bbox 595 2885 678 2945; x_wconf 91' lang='lat' dir='ltr'>dedit</span> <span class='ocrx_word' id='word_1_431' title='bbox 684 2887 857 2946; x_wconf 77' lang='lat' dir='ltr'>Abraham:</span> <span class='ocrx_word' id='word_1_432' title='bbox 871 2888 938 2946; x_wconf 88' lang='lat' dir='ltr'>red·</span> <span class='ocrx_word' id='word_1_433' title='bbox 991 2887 1044 2945; x_wconf 87' lang='lat' dir='ltr'>sed</span> <span class='ocrx_word' id='word_1_434' title='bbox 1052 2892 1081 2946; x_wconf 90' lang='lat' dir='ltr'>et</span> <span class='ocrx_word' id='word_1_435' title='bbox 1092 2890 1126 2947; x_wconf 87' lang='lat' dir='ltr'>tn</span> <span class='ocrx_word' id='word_1_436' title='bbox 1133 2901 1195 2943; x_wconf 89' lang='lat' dir='ltr'>uon</span> <span class='ocrx_word' id='word_1_437' title='bbox 1205 2885 1344 2945; x_wconf 90' lang='lat' dir='ltr'>indicasti</span> <span class='ocrx_word' id='word_1_438' title='bbox 1351 2885 1437 2953; x_wconf 89' lang='lat' dir='ltr'>mihi,</span> <span class='ocrx_word' id='word_1_439' title='bbox 1449 2890 1478 2945; x_wconf 90' lang='lat' dir='ltr'>et</span> <span class='ocrx_word' id='word_1_440' title='bbox 1486 2900 1543 2959; x_wconf 87' lang='lat' dir='ltr'>ego</span> <span class='ocrx_word' id='word_1_441' title='bbox 1556 2901 1619 2945; x_wconf 88' lang='lat' dir='ltr'>nou</span> <span class='ocrx_word' id='word_1_442' title='bbox 1633 2886 1737 2946; x_wconf 89' lang='lat' dir='ltr'>audivi</span> <span class='ocrx_word' id='word_1_443' title='bbox 1745 2902 1821 2962; x_wconf 74' lang='lat' dir='ltr'>pree·</span> 
     </span>
     <span class='ocr_line' id='line_1_32' title="bbox 103 2974 1821 3070; baseline -0.001 -36"><span class='ocrx_word' id='word_1_444' title='bbox 103 2977 242 3051; x_wconf 89' lang='lat' dir='ltr'>diditque</span> <span class='ocrx_word' id='word_1_445' title='bbox 253 2976 297 3033; x_wconf 91' lang='lat' dir='ltr'>illi</span> <span class='ocrx_word' id='word_1_446' title='bbox 309 2978 416 3034; x_wconf 80' lang='lat' dir='ltr'>Sarum</span> <span class='ocrx_word' id='word_1_447' title='bbox 425 2991 549 3033; x_wconf 88' lang='lat' dir='ltr'>uxorem</span> <span class='ocrx_word' id='word_1_448' title='bbox 562 2992 660 3045; x_wconf 86' lang='lat' dir='ltr'>suam,</span> <span class='ocrx_word' id='word_1_449' title='bbox 675 2980 704 3034; x_wconf 89' lang='lat' dir='ltr'>et</span> <span class='ocrx_word' id='word_1_450' title='bbox 718 2976 780 3035; x_wconf 88' lang='lat' dir='ltr'>ait:</span> <span class='ocrx_word' id='word_1_451' title='bbox 800 2982 878 3034; x_wconf 88' lang='lat' dir='ltr'>terra</span> <span class='ocrx_word' id='word_1_452' title='bbox 890 2992 939 3035; x_wconf 88' lang='lat' dir='ltr'>co·</span> <span class='ocrx_word' id='word_1_453' title='bbox 956 2981 1035 3070; x_wconf 67' lang='lat' dir='ltr'>cter</span> <span class='ocrx_word' id='word_1_454' title='bbox 1048 2976 1148 3034; x_wconf 91' lang='lat' dir='ltr'>hodie.</span> <span class='ocrx_word' id='word_1_455' title='bbox 1164 2976 1239 3033; x_wconf 84' lang='lat' dir='ltr'>Tulit</span> <span class='ocrx_word' id='word_1_456' title='bbox 1262 2976 1363 3049; x_wconf 88' lang='lat' dir='ltr'>itaque</span> <span class='ocrx_word' id='word_1_457' title='bbox 1376 2974 1530 3034; x_wconf 78' lang='lat' dir='ltr'>Abraham</span> <span class='ocrx_word' id='word_1_458' title='bbox 1548 2991 1619 3035; x_wconf 88' lang='lat' dir='ltr'>oves</span> <span class='ocrx_word' id='word_1_459' title='bbox 1632 2980 1660 3036; x_wconf 93' lang='lat' dir='ltr'>et</span> <span class='ocrx_word' id='word_1_460' title='bbox 1670 2976 1775 3045; x_wconf 89' lang='lat' dir='ltr'>boves,</span> <span class='ocrx_word' id='word_1_461' title='bbox 1791 2981 1821 3035; x_wconf 88' lang='lat' dir='ltr'>et</span> 
     </span>
     <span class='ocr_line' id='line_1_33' title="bbox 103 3063 1821 3142; baseline 0.001 -18"><span class='ocrx_word' id='word_1_462' title='bbox 103 3064 937 3140; x_wconf 83' lang='lat' dir='ltr'>ramvobisest,ubicumquetihiplacueritbabita·saroe</span> <span class='ocrx_word' id='word_1_463' title='bbox 989 3063 1821 3142; x_wconf 72' lang='lat' dir='ltr'>deditabimelech:percusseruntqueamboloedus.lit</span> 
     </span>
     <span class='ocr_line' id='line_1_34' title="bbox 104 3149 1821 3230; baseline -0.001 -15"><span class='ocrx_word' id='word_1_464' title='bbox 104 3162 209 3215; x_wconf 90' lang='lat' dir='ltr'>antem</span> <span class='ocrx_word' id='word_1_465' title='bbox 217 3155 387 3213; x_wconf 78' lang='lat' dir='ltr'>dixitzlicce</span> <span class='ocrx_word' id='word_1_466' title='bbox 395 3154 478 3212; x_wconf 89' lang='lat' dir='ltr'>mille</span> <span class='ocrx_word' id='word_1_467' title='bbox 486 3160 643 3228; x_wconf 89' lang='lat' dir='ltr'>argenteos</span> <span class='ocrx_word' id='word_1_468' title='bbox 651 3155 808 3214; x_wconf 86' lang='lat' dir='ltr'>deditretri</span> <span class='ocrx_word' id='word_1_469' title='bbox 816 3157 938 3224; x_wconf 89' lang='lat' dir='ltr'>tuo,hcc</span> <span class='ocrx_word' id='word_1_470' title='bbox 991 3156 1094 3214; x_wconf 89' lang='lat' dir='ltr'>statuit</span> <span class='ocrx_word' id='word_1_471' title='bbox 1100 3154 1252 3214; x_wconf 85' lang='lat' dir='ltr'>Abraham</span> <span class='ocrx_word' id='word_1_472' title='bbox 1262 3159 1377 3230; x_wconf 88' lang='lat' dir='ltr'>septem</span> <span class='ocrx_word' id='word_1_473' title='bbox 1392 3171 1487 3228; x_wconf 89' lang='lat' dir='ltr'>agnas</span> <span class='ocrx_word' id='word_1_474' title='bbox 1498 3156 1595 3230; x_wconf 90' lang='lat' dir='ltr'>gregis</span> <span class='ocrx_word' id='word_1_475' title='bbox 1607 3173 1752 3216; x_wconf 86' lang='lat' dir='ltr'>seorsum.</span> <span class='ocrx_word' id='word_1_476' title='bbox 1767 3149 1821 3216; x_wconf 85' lang='lat' dir='ltr'>Cui</span> 
     </span>
     <span class='ocr_line' id='line_1_35' title="bbox 104 3243 1818 3320; baseline 0 -16"><span class='ocrx_word' id='word_1_477' title='bbox 104 3246 159 3304; x_wconf 87' lang='lat' dir='ltr'>erit</span> <span class='ocrx_word' id='word_1_478' title='bbox 172 3246 227 3304; x_wconf 91' lang='lat' dir='ltr'>tibi</span> <span class='ocrx_word' id='word_1_479' title='bbox 243 3245 276 3301; x_wconf 91' lang='lat' dir='ltr'>in</span> <span class='ocrx_word' id='word_1_480' title='bbox 299 3244 438 3302; x_wconf 88' lang='lat' dir='ltr'>velamen</span> <span class='ocrx_word' id='word_1_481' title='bbox 459 3243 626 3310; x_wconf 90' lang='lat' dir='ltr'>oculorum,</span> <span class='ocrx_word' id='word_1_482' title='bbox 653 3249 682 3301; x_wconf 87' lang='lat' dir='ltr'>et</span> <span class='ocrx_word' id='word_1_483' title='bbox 707 3243 747 3302; x_wconf 92' lang='lat' dir='ltr'>ad</span> <span class='ocrx_word' id='word_1_484' title='bbox 766 3245 938 3319; x_wconf 89' lang='lat' dir='ltr'>omnesqui</span> <span class='ocrx_word' id='word_1_485' title='bbox 989 3245 1818 3320; x_wconf 79' lang='lat' dir='ltr'>dixitlbimelech:Quidsihivoluntseptcmagnaeistae,</span> 
     </span>
     <span class='ocr_line' id='line_1_36' title="bbox 103 3332 1818 3410; baseline -0.001 -17"><span class='ocrx_word' id='word_1_486' title='bbox 103 3337 204 3393; x_wconf 89' lang='lat' dir='ltr'>lecum</span> <span class='ocrx_word' id='word_1_487' title='bbox 218 3338 301 3401; x_wconf 88' lang='lat' dir='ltr'>sunt,</span> <span class='ocrx_word' id='word_1_488' title='bbox 310 3346 340 3391; x_wconf 88' lang='lat' dir='ltr'>et</span> <span class='ocrx_word' id='word_1_489' title='bbox 349 3347 542 3407; x_wconf 90' lang='lat' dir='ltr'>quocumque</span> <span class='ocrx_word' id='word_1_490' title='bbox 553 3332 717 3406; x_wconf 86' lang='lat' dir='ltr'>perrexeris</span> <span class='ocrx_word' id='word_1_491' title='bbox 729 3348 736 3387; x_wconf 91' lang='lat'>:</span> <span class='ocrx_word' id='word_1_492' title='bbox 749 3337 901 3391; x_wconf 89' lang='lat' dir='ltr'>memento</span> <span class='ocrx_word' id='word_1_493' title='bbox 910 3338 937 3392; x_wconf 89' lang='lat' dir='ltr'>te</span> <span class='ocrx_word' id='word_1_494' title='bbox 990 3341 1152 3410; x_wconf 82' lang='lat' dir='ltr'>quaestore</span> <span class='ocrx_word' id='word_1_495' title='bbox 1161 3335 1254 3394; x_wconf 89' lang='lat' dir='ltr'>iecisti</span> <span class='ocrx_word' id='word_1_496' title='bbox 1267 3333 1433 3392; x_wconf 79' lang='lat' dir='ltr'>deorsum?</span> <span class='ocrx_word' id='word_1_497' title='bbox 1450 3335 1486 3391; x_wconf 85' lang='lat' dir='ltr'>At</span> <span class='ocrx_word' id='word_1_498' title='bbox 1493 3333 1560 3391; x_wconf 89' lang='lat' dir='ltr'>ille:</span> <span class='ocrx_word' id='word_1_499' title='bbox 1574 3335 1702 3406; x_wconf 89' lang='lat' dir='ltr'>septem,</span> <span class='ocrx_word' id='word_1_500' title='bbox 1713 3333 1818 3406; x_wconf 89' lang='lat' dir='ltr'>inquit,</span> 
     </span>
     <span class='ocr_line' id='line_1_37' title="bbox 103 3420 1821 3499; baseline -0.001 -18"><span class='ocrx_word' id='word_1_501' title='bbox 103 3424 338 3499; x_wconf 87' lang='lat' dir='ltr'>deprehensam.</span> <span class='ocrx_word' id='word_1_502' title='bbox 368 3423 477 3480; x_wconf 88' lang='lat' dir='ltr'>Drante</span> <span class='ocrx_word' id='word_1_503' title='bbox 502 3426 603 3479; x_wconf 89' lang='lat' dir='ltr'>autem</span> <span class='ocrx_word' id='word_1_504' title='bbox 629 3420 793 3493; x_wconf 80' lang='lat' dir='ltr'>Abraham,</span> <span class='ocrx_word' id='word_1_505' title='bbox 820 3421 939 3479; x_wconf 89' lang='lat' dir='ltr'>sanavit</span> <span class='ocrx_word' id='word_1_506' title='bbox 990 3423 1270 3497; x_wconf 87' lang='lat' dir='ltr'>agnasaceipiesde</span> <span class='ocrx_word' id='word_1_507' title='bbox 1284 3436 1456 3480; x_wconf 89' lang='lat' dir='ltr'>manumea</span> <span class='ocrx_word' id='word_1_508' title='bbox 1476 3423 1530 3480; x_wconf 89' lang='lat' dir='ltr'>:ul</span> <span class='ocrx_word' id='word_1_509' title='bbox 1545 3421 1604 3478; x_wconf 90' lang='lat' dir='ltr'>sint</span> <span class='ocrx_word' id='word_1_510' title='bbox 1617 3420 1821 3480; x_wconf 88' lang='lat' dir='ltr'>mihiintesti·</span> 
     </span>
     <span class='ocr_line' id='line_1_38' title="bbox 106 3509 1818 3596; baseline -0.001 -26"><span class='ocrx_word' id='word_1_511' title='bbox 106 3515 182 3571; x_wconf 89' lang='lat' dir='ltr'>Deus</span> <span class='ocrx_word' id='word_1_512' title='bbox 193 3510 375 3571; x_wconf 72' lang='lat' dir='ltr'>abimelech</span> <span class='ocrx_word' id='word_1_513' title='bbox 386 3514 561 3578; x_wconf 77' lang='lat' dir='ltr'>clusorem,</span> <span class='ocrx_word' id='word_1_514' title='bbox 575 3509 738 3568; x_wconf 89' lang='lat' dir='ltr'>etaucillas</span> <span class='ocrx_word' id='word_1_515' title='bbox 756 3510 831 3584; x_wconf 87' lang='lat' dir='ltr'>ejus,</span> <span class='ocrx_word' id='word_1_516' title='bbox 847 3515 877 3569; x_wconf 92' lang='lat' dir='ltr'>et</span> <span class='ocrx_word' id='word_1_517' title='bbox 888 3525 939 3585; x_wconf 87' lang='lat' dir='ltr'>pe·</span> <span class='ocrx_word' id='word_1_518' title='bbox 990 3513 1140 3596; x_wconf 75' lang='lat' dir='ltr'>monium,</span> <span class='ocrx_word' id='word_1_519' title='bbox 1153 3511 1359 3586; x_wconf 86' lang='lat' dir='ltr'>quoniamego</span> <span class='ocrx_word' id='word_1_520' title='bbox 1371 3509 1566 3583; x_wconf 87' lang='lat' dir='ltr'>iodiputeum</span> <span class='ocrx_word' id='word_1_521' title='bbox 1584 3509 1685 3568; x_wconf 91' lang='lat' dir='ltr'>istum.</span> <span class='ocrx_word' id='word_1_522' title='bbox 1707 3509 1818 3568; x_wconf 89' lang='lat' dir='ltr'>idcirce</span> 
     </span>
     <span class='ocr_line' id='line_1_39' title="bbox 104 3597 1820 3676; baseline -0.003 -15"><span class='ocrx_word' id='word_1_523' title='bbox 104 3607 268 3676; x_wconf 87' lang='lat' dir='ltr'>pererunt:</span> <span class='ocrx_word' id='word_1_524' title='bbox 285 3601 472 3658; x_wconf 81' lang='lat' dir='ltr'>concluserat</span> <span class='ocrx_word' id='word_1_525' title='bbox 491 3599 573 3656; x_wconf 90' lang='lat' dir='ltr'>enim</span> <span class='ocrx_word' id='word_1_526' title='bbox 587 3599 665 3657; x_wconf 89' lang='lat' dir='ltr'>Deus</span> <span class='ocrx_word' id='word_1_527' title='bbox 678 3615 801 3658; x_wconf 87' lang='lat' dir='ltr'>omnem</span> <span class='ocrx_word' id='word_1_528' title='bbox 815 3601 939 3659; x_wconf 89' lang='lat' dir='ltr'>vulvam</span> <span class='ocrx_word' id='word_1_529' title='bbox 991 3607 1114 3661; x_wconf 88' lang='lat' dir='ltr'>vocatus</span> <span class='ocrx_word' id='word_1_530' title='bbox 1122 3607 1165 3659; x_wconf 88' lang='lat' dir='ltr'>est</span> <span class='ocrx_word' id='word_1_531' title='bbox 1172 3601 1257 3659; x_wconf 90' lang='lat' dir='ltr'>locus</span> <span class='ocrx_word' id='word_1_532' title='bbox 1265 3599 1313 3657; x_wconf 93' lang='lat' dir='ltr'>ille</span> <span class='ocrx_word' id='word_1_533' title='bbox 1325 3597 1468 3657; x_wconf 76' lang='lat' dir='ltr'>Bersabee</span> <span class='ocrx_word' id='word_1_534' title='bbox 1478 3614 1485 3653; x_wconf 92' lang='lat'><strong>:</strong></span> <span class='ocrx_word' id='word_1_535' title='bbox 1497 3598 1568 3672; x_wconf 89' lang='lat' dir='ltr'>quia</span> <span class='ocrx_word' id='word_1_536' title='bbox 1578 3597 1631 3656; x_wconf 89' lang='lat' dir='ltr'>libi</span> <span class='ocrx_word' id='word_1_537' title='bbox 1645 3599 1820 3672; x_wconf 78' lang='lat' dir='ltr'>uterqucju·</span> 
     </span>
     <span class='ocr_line' id='line_1_40' title="bbox 106 3686 1820 3764; baseline -0.002 -15"><span class='ocrx_word' id='word_1_538' title='bbox 106 3691 276 3750; x_wconf 81' lang='lat' dir='ltr'>lbimeleclr</span> <span class='ocrx_word' id='word_1_539' title='bbox 282 3694 404 3764; x_wconf 89' lang='lat' dir='ltr'>propter</span> <span class='ocrx_word' id='word_1_540' title='bbox 410 3691 510 3747; x_wconf 86' lang='lat' dir='ltr'>saram</span> <span class='ocrx_word' id='word_1_541' title='bbox 516 3688 939 3763; x_wconf 60' lang='lat' dir='ltr'>uxoremilbrahastcapdl.)</span> <span class='ocrx_word' id='word_1_542' title='bbox 992 3690 1078 3750; x_wconf 88' lang='lat' dir='ltr'>ravit.</span> <span class='ocrx_word' id='word_1_543' title='bbox 1096 3693 1130 3747; x_wconf 84' lang='lat' dir='ltr'>Bt</span> <span class='ocrx_word' id='word_1_544' title='bbox 1142 3687 1273 3746; x_wconf 89' lang='lat' dir='ltr'>inierunt</span> <span class='ocrx_word' id='word_1_545' title='bbox 1282 3686 1380 3745; x_wconf 85' lang='lat' dir='ltr'>ioedus</span> <span class='ocrx_word' id='word_1_546' title='bbox 1394 3702 1449 3761; x_wconf 90' lang='lat' dir='ltr'>pro</span> <span class='ocrx_word' id='word_1_547' title='bbox 1461 3690 1552 3761; x_wconf 90' lang='lat' dir='ltr'>puteo</span> <span class='ocrx_word' id='word_1_548' title='bbox 1564 3687 1738 3760; x_wconf 84' lang='lat' dir='ltr'>juramenti.</span> <span class='ocrx_word' id='word_1_549' title='bbox 1751 3689 1820 3746; x_wconf 88' lang='lat' dir='ltr'>Sur·</span> 
     </span>
     <span class='ocr_line' id='line_1_41' title="bbox 108 3775 1819 3852; baseline 0.001 -18"><span class='ocrx_word' id='word_1_550' title='bbox 108 3779 359 3836; x_wconf 82' lang='lat' dir='ltr'>Visitavitautem</span> <span class='ocrx_word' id='word_1_551' title='bbox 372 3777 517 3835; x_wconf 88' lang='lat' dir='ltr'>Dominus</span> <span class='ocrx_word' id='word_1_552' title='bbox 532 3778 637 3835; x_wconf 83' lang='lat' dir='ltr'>saram</span> <span class='ocrx_word' id='word_1_553' title='bbox 650 3777 726 3835; x_wconf 91' lang='lat' dir='ltr'>sieut</span> <span class='ocrx_word' id='word_1_554' title='bbox 740 3779 937 3852; x_wconf 79' lang='lat' dir='ltr'>promiserat:</span> <span class='ocrx_word' id='word_1_555' title='bbox 991 3779 1067 3838; x_wconf 90' lang='lat' dir='ltr'>rexit</span> <span class='ocrx_word' id='word_1_556' title='bbox 1076 3781 1176 3838; x_wconf 64' lang='lat' dir='ltr'>auem</span> <span class='ocrx_word' id='word_1_557' title='bbox 1189 3776 1372 3848; x_wconf 70' lang='lat' dir='ltr'>abimelech,</span> <span class='ocrx_word' id='word_1_558' title='bbox 1406 3775 1491 3850; x_wconf 68' lang='lat'>163</span> <span class='ocrx_word' id='word_1_559' title='bbox 1508 3779 1537 3834; x_wconf 88' lang='lat' dir='ltr'>et</span> <span class='ocrx_word' id='word_1_560' title='bbox 1567 3775 1819 3852; x_wconf 85' lang='lat' dir='ltr'>Phicclprinceps</span> 
     </span>
     <span class='ocr_line' id='line_1_42' title="bbox 105 3864 1821 3941; baseline 0 -16"><span class='ocrx_word' id='word_1_561' title='bbox 105 3871 134 3924; x_wconf 89' lang='lat' dir='ltr'>et</span> <span class='ocrx_word' id='word_1_562' title='bbox 145 3865 286 3941; x_wconf 90' lang='lat' dir='ltr'>implevit</span> <span class='ocrx_word' id='word_1_563' title='bbox 297 3864 493 3940; x_wconf 78' lang='lat' dir='ltr'>qualecums</span> <span class='ocrx_word' id='word_1_564' title='bbox 504 3868 558 3923; x_wconf 90' lang='lat' dir='ltr'>est.</span> <span class='ocrx_word' id='word_1_565' title='bbox 573 3865 771 3940; x_wconf 85' lang='lat' dir='ltr'>Conceptique</span> <span class='ocrx_word' id='word_1_566' title='bbox 781 3870 810 3924; x_wconf 91' lang='lat' dir='ltr'>et</span> <span class='ocrx_word' id='word_1_567' title='bbox 825 3868 941 3940; x_wconf 90' lang='lat' dir='ltr'>peperit</span> <span class='ocrx_word' id='word_1_568' title='bbox 992 3869 1137 3929; x_wconf 87' lang='lat' dir='ltr'>exercitus</span> <span class='ocrx_word' id='word_1_569' title='bbox 1146 3867 1221 3940; x_wconf 82' lang='lat' dir='ltr'>ejus,</span> <span class='ocrx_word' id='word_1_570' title='bbox 1233 3865 1405 3940; x_wconf 85' lang='lat' dir='ltr'>reversique</span> <span class='ocrx_word' id='word_1_571' title='bbox 1416 3866 1523 3924; x_wconf 90' lang='lat' dir='ltr'>suntin</span> <span class='ocrx_word' id='word_1_572' title='bbox 1535 3869 1644 3924; x_wconf 88' lang='lat' dir='ltr'>terram</span> <span class='ocrx_word' id='word_1_573' title='bbox 1653 3865 1821 3925; x_wconf 73' lang='lat' dir='ltr'>palestine·</span> 
     </span>
     <span class='ocr_line' id='line_1_43' title="bbox 103 3953 1822 4030; baseline 0.001 -16"><span class='ocrx_word' id='word_1_574' title='bbox 103 3955 201 4014; x_wconf 87' lang='lat' dir='ltr'>illium</span> <span class='ocrx_word' id='word_1_575' title='bbox 213 3957 247 4013; x_wconf 92' lang='lat' dir='ltr'>in</span> <span class='ocrx_word' id='word_1_576' title='bbox 260 3958 412 4012; x_wconf 86' lang='lat' dir='ltr'>senectute</span> <span class='ocrx_word' id='word_1_577' title='bbox 423 3970 490 4020; x_wconf 91' lang='lat' dir='ltr'>sua,</span> <span class='ocrx_word' id='word_1_578' title='bbox 501 3959 636 4028; x_wconf 91' lang='lat' dir='ltr'>tempore</span> <span class='ocrx_word' id='word_1_579' title='bbox 649 3970 711 4029; x_wconf 92' lang='lat' dir='ltr'>quo</span> <span class='ocrx_word' id='word_1_580' title='bbox 722 3954 901 4028; x_wconf 74' lang='lat' dir='ltr'>predixerat</span> <span class='ocrx_word' id='word_1_581' title='bbox 911 3957 940 4016; x_wconf 90' lang='lat' dir='ltr'>ei</span> <span class='ocrx_word' id='word_1_582' title='bbox 991 3955 1224 4016; x_wconf 78' lang='lat' dir='ltr'>rumlbraham</span> <span class='ocrx_word' id='word_1_583' title='bbox 1232 3971 1303 4014; x_wconf 90' lang='lat' dir='ltr'>vero</span> <span class='ocrx_word' id='word_1_584' title='bbox 1313 3954 1459 4030; x_wconf 91' lang='lat' dir='ltr'>plantavit</span> <span class='ocrx_word' id='word_1_585' title='bbox 1468 3955 1616 4014; x_wconf 91' lang='lat' dir='ltr'>nemusin</span> <span class='ocrx_word' id='word_1_586' title='bbox 1625 3953 1782 4026; x_wconf 82' lang='lat' dir='ltr'>Bersabee,</span> <span class='ocrx_word' id='word_1_587' title='bbox 1792 3955 1822 4016; x_wconf 88' lang='lat' dir='ltr'>et</span> 
     </span>
     <span class='ocr_line' id='line_1_44' title="bbox 105 4043 1678 4120; baseline 0.001 -20"><span class='ocrx_word' id='word_1_588' title='bbox 105 4044 198 4102; x_wconf 87' lang='lat' dir='ltr'>Deus.</span> <span class='ocrx_word' id='word_1_589' title='bbox 212 4045 396 4118; x_wconf 76' lang='lat' dir='ltr'>vocavitque</span> <span class='ocrx_word' id='word_1_590' title='bbox 410 4044 563 4103; x_wconf 73' lang='lat' dir='ltr'>ebrahm</span> <span class='ocrx_word' id='word_1_591' title='bbox 575 4058 687 4102; x_wconf 92' lang='lat' dir='ltr'>nomen</span> <span class='ocrx_word' id='word_1_592' title='bbox 700 4043 752 4100; x_wconf 89' lang='lat' dir='ltr'>illii</span> <span class='ocrx_word' id='word_1_593' title='bbox 775 4045 832 4117; x_wconf 87' lang='lat' dir='ltr'>sui,</span> <span class='ocrx_word' id='word_1_594' title='bbox 846 4061 940 4120; x_wconf 92' lang='lat' dir='ltr'>quem</span> <span class='ocrx_word' id='word_1_595' title='bbox 992 4045 1141 4106; x_wconf 87' lang='lat' dir='ltr'>invocavit</span> <span class='ocrx_word' id='word_1_596' title='bbox 1149 4044 1192 4103; x_wconf 88' lang='lat' dir='ltr'>ibi</span> <span class='ocrx_word' id='word_1_597' title='bbox 1203 4059 1315 4103; x_wconf 90' lang='lat' dir='ltr'>nomen</span> <span class='ocrx_word' id='word_1_598' title='bbox 1327 4043 1381 4102; x_wconf 93' lang='lat' dir='ltr'>Dei</span> <span class='ocrx_word' id='word_1_599' title='bbox 1395 4044 1507 4103; x_wconf 74' lang='lat' dir='ltr'>eterni.</span> <span class='ocrx_word' id='word_1_600' title='bbox 1524 4055 1557 4117; x_wconf 68' lang='lat' dir='ltr'>lv.</span> <span class='ocrx_word' id='word_1_601' title='bbox 1571 4047 1678 4105; x_wconf 83' lang='lat' dir='ltr'>Amen.</span> 
     </span>
     <span class='ocr_line' id='line_1_45' title="bbox 105 4131 1819 4208; baseline 0 -18"><span class='ocrx_word' id='word_1_602' title='bbox 105 4133 216 4205; x_wconf 89' lang='lat' dir='ltr'>genuit</span> <span class='ocrx_word' id='word_1_603' title='bbox 230 4132 259 4188; x_wconf 90' lang='lat' dir='ltr'>ei</span> <span class='ocrx_word' id='word_1_604' title='bbox 271 4133 353 4198; x_wconf 86' lang='lat' dir='ltr'>Sara,</span> <span class='ocrx_word' id='word_1_605' title='bbox 384 4136 469 4191; x_wconf 87' lang='lat' dir='ltr'>isaac</span> <span class='ocrx_word' id='word_1_606' title='bbox 484 4152 490 4192; x_wconf 93' lang='lat'>:</span> <span class='ocrx_word' id='word_1_607' title='bbox 504 4137 533 4190; x_wconf 89' lang='lat' dir='ltr'>et</span> <span class='ocrx_word' id='word_1_608' title='bbox 546 4131 733 4190; x_wconf 90' lang='lat' dir='ltr'>circumcidit</span> <span class='ocrx_word' id='word_1_609' title='bbox 743 4147 814 4189; x_wconf 93' lang='lat' dir='ltr'>eum</span> <span class='ocrx_word' id='word_1_610' title='bbox 832 4138 940 4192; x_wconf 86' lang='lat' dir='ltr'>octavo</span> <span class='ocrx_word' id='word_1_611' title='bbox 1028 4135 1173 4208; x_wconf 70' lang='lat' dir='ltr'>Hymnus.</span> <span class='ocrx_word' id='word_1_612' title='bbox 1181 4136 1214 4191; x_wconf 91' lang='lat' dir='ltr'>ln</span> <span class='ocrx_word' id='word_1_613' title='bbox 1222 4133 1376 4192; x_wconf 87' lang='lat' dir='ltr'>matutinis</span> <span class='ocrx_word' id='word_1_614' title='bbox 1384 4132 1544 4205; x_wconf 85' lang='lat' dir='ltr'>surgimus.</span> <span class='ocrx_word' id='word_1_615' title='bbox 1554 4131 1661 4202; x_wconf 65' lang='lat' dir='ltr'>Quaere</span> <span class='ocrx_word' id='word_1_616' title='bbox 1671 4133 1748 4205; x_wconf 77' lang='lat' dir='ltr'>solie</span> <span class='ocrx_word' id='word_1_617' title='bbox 1759 4135 1819 4193; x_wconf 78' lang='lat' dir='ltr'>tue.</span> 
     </span>
     <span class='ocr_line' id='line_1_46' title="bbox 108 4219 1821 4298; baseline 0.002 -22"><span class='ocrx_word' id='word_1_618' title='bbox 108 4221 173 4290; x_wconf 87' lang='lat' dir='ltr'>die,</span> <span class='ocrx_word' id='word_1_619' title='bbox 190 4219 272 4276; x_wconf 88' lang='lat' dir='ltr'>sicut</span> <span class='ocrx_word' id='word_1_620' title='bbox 283 4221 499 4294; x_wconf 74' lang='lat' dir='ltr'>preceperatei</span> <span class='ocrx_word' id='word_1_621' title='bbox 519 4222 608 4294; x_wconf 92' lang='lat' dir='ltr'>Deus,</span> <span class='ocrx_word' id='word_1_622' title='bbox 623 4237 693 4278; x_wconf 91' lang='lat' dir='ltr'>cum</span> <span class='ocrx_word' id='word_1_623' title='bbox 717 4225 838 4280; x_wconf 90' lang='lat' dir='ltr'>centum</span> <span class='ocrx_word' id='word_1_624' title='bbox 863 4226 942 4281; x_wconf 86' lang='lat' dir='ltr'>esset</span> <span class='ocrx_word' id='word_1_625' title='bbox 1028 4224 1221 4296; x_wconf 75' lang='lat' dir='ltr'>snpplicatio.</span> <span class='ocrx_word' id='word_1_626' title='bbox 1238 4223 1373 4295; x_wconf 86' lang='lat' dir='ltr'>oremus,</span> <span class='ocrx_word' id='word_1_627' title='bbox 1386 4225 1483 4280; x_wconf 89' lang='lat' dir='ltr'>utnos</span> <span class='ocrx_word' id='word_1_628' title='bbox 1499 4227 1689 4282; x_wconf 87' lang='lat' dir='ltr'>sacrosancto</span> <span class='ocrx_word' id='word_1_629' title='bbox 1708 4223 1821 4298; x_wconf 81' lang='lat' dir='ltr'>ieiunio</span> 
     </span>
     <span class='ocr_line' id='line_1_47' title="bbox 107 4308 1391 4420; baseline 0.003 -54"><span class='ocrx_word' id='word_1_630' title='bbox 107 4324 267 4367; x_wconf 88' lang='lat' dir='ltr'>annorum</span> <span class='ocrx_word' id='word_1_631' title='bbox 278 4308 349 4367; x_wconf 87' lang='lat' dir='ltr'>:hac</span> <span class='ocrx_word' id='word_1_632' title='bbox 359 4311 565 4385; x_wconf 79' lang='lat' dir='ltr'>quippeoetate</span> <span class='ocrx_word' id='word_1_633' title='bbox 574 4311 676 4384; x_wconf 86' lang='lat' dir='ltr'>patris,</span> <span class='ocrx_word' id='word_1_634' title='bbox 689 4315 778 4368; x_wconf 88' lang='lat' dir='ltr'>natus</span> <span class='ocrx_word' id='word_1_635' title='bbox 790 4317 836 4369; x_wconf 90' lang='lat' dir='ltr'>est</span> <span class='ocrx_word' id='word_1_636' title='bbox 846 4316 939 4370; x_wconf 85' lang='lat' dir='ltr'>isaac.</span> <span class='ocrx_word' id='word_1_637' title='bbox 957 4363 980 4420; x_wconf 73' lang='lat' dir='ltr'>D</span> <span class='ocrx_word' id='word_1_638' title='bbox 993 4318 1126 4385; x_wconf 89' lang='lat' dir='ltr'>tempore</span> <span class='ocrx_word' id='word_1_639' title='bbox 1139 4311 1391 4385; x_wconf 75' lang='lat' dir='ltr'>quadragesime.</span> 
     </span>
     <span class='ocr_line' id='line_1_48' title="bbox 105 4397 1821 4477; baseline 0.002 -21"><span class='ocrx_word' id='word_1_640' title='bbox 105 4399 248 4473; x_wconf 85' lang='lat' dir='ltr'>Dixitque</span> <span class='ocrx_word' id='word_1_641' title='bbox 263 4400 350 4458; x_wconf 88' lang='lat' dir='ltr'>Sara:</span> <span class='ocrx_word' id='word_1_642' title='bbox 365 4400 470 4457; x_wconf 82' lang='lat' dir='ltr'>Risum</span> <span class='ocrx_word' id='word_1_643' title='bbox 479 4400 549 4458; x_wconf 90' lang='lat' dir='ltr'>iecit</span> <span class='ocrx_word' id='word_1_644' title='bbox 562 4399 635 4456; x_wconf 92' lang='lat' dir='ltr'>mihi</span> <span class='ocrx_word' id='word_1_645' title='bbox 645 4399 723 4456; x_wconf 90' lang='lat' dir='ltr'>Deus</span> <span class='ocrx_word' id='word_1_646' title='bbox 738 4400 941 4477; x_wconf 90' lang='lat' dir='ltr'>:quicumque</span> <span class='ocrx_word' id='word_1_647' title='bbox 1030 4400 1178 4473; x_wconf 80' lang='lat' dir='ltr'>Capitale.</span> <span class='ocrx_word' id='word_1_648' title='bbox 1193 4401 1293 4458; x_wconf 87' lang='lat' dir='ltr'>Deduc</span> <span class='ocrx_word' id='word_1_649' title='bbox 1302 4415 1358 4458; x_wconf 89' lang='lat' dir='ltr'>nos</span> <span class='ocrx_word' id='word_1_650' title='bbox 1371 4399 1495 4457; x_wconf 88' lang='lat' dir='ltr'>Domine</span> <span class='ocrx_word' id='word_1_651' title='bbox 1506 4397 1654 4469; x_wconf 89' lang='lat' dir='ltr'>inbonis;</span> <span class='ocrx_word' id='word_1_652' title='bbox 1675 4416 1712 4458; x_wconf 90' lang='lat' dir='ltr'>ac</span> <span class='ocrx_word' id='word_1_653' title='bbox 1728 4400 1821 4474; x_wconf 88' lang='lat' dir='ltr'>dirige</span> 
     </span>
     <span class='ocr_line' id='line_1_49' title="bbox 108 4487 1820 4564; baseline 0.001 -16"><span class='ocrx_word' id='word_1_654' title='bbox 108 4489 251 4559; x_wconf 85' lang='lat' dir='ltr'>audierit,</span> <span class='ocrx_word' id='word_1_655' title='bbox 260 4487 422 4546; x_wconf 89' lang='lat' dir='ltr'>corridebit</span> <span class='ocrx_word' id='word_1_656' title='bbox 429 4488 513 4546; x_wconf 84' lang='lat' dir='ltr'>mihi.</span> <span class='ocrx_word' id='word_1_657' title='bbox 525 4492 699 4562; x_wconf 88' lang='lat' dir='ltr'>Rursusque</span> <span class='ocrx_word' id='word_1_658' title='bbox 709 4491 764 4546; x_wconf 90' lang='lat' dir='ltr'>ait:</span> <span class='ocrx_word' id='word_1_659' title='bbox 777 4491 848 4556; x_wconf 76' lang='lat' dir='ltr'>Quis</span> <span class='ocrx_word' id='word_1_660' title='bbox 857 4491 941 4549; x_wconf 89' lang='lat' dir='ltr'>audi·</span> <span class='ocrx_word' id='word_1_661' title='bbox 993 4491 1026 4550; x_wconf 92' lang='lat' dir='ltr'>in</span> <span class='ocrx_word' id='word_1_662' title='bbox 1039 4495 1204 4564; x_wconf 85' lang='lat' dir='ltr'>conspectu</span> <span class='ocrx_word' id='word_1_663' title='bbox 1215 4490 1352 4549; x_wconf 86' lang='lat' dir='ltr'>tuoviam</span> <span class='ocrx_word' id='word_1_664' title='bbox 1363 4493 1497 4547; x_wconf 88' lang='lat' dir='ltr'>nestram</span> <span class='ocrx_word' id='word_1_665' title='bbox 1507 4506 1513 4542; x_wconf 91' lang='lat'><strong>:</strong></span> <span class='ocrx_word' id='word_1_666' title='bbox 1525 4494 1559 4548; x_wconf 91' lang='lat' dir='ltr'>ut</span> <span class='ocrx_word' id='word_1_667' title='bbox 1572 4489 1647 4548; x_wconf 87' lang='lat' dir='ltr'>fides</span> <span class='ocrx_word' id='word_1_668' title='bbox 1658 4494 1762 4550; x_wconf 88' lang='lat' dir='ltr'>nostra</span> <span class='ocrx_word' id='word_1_669' title='bbox 1775 4507 1820 4550; x_wconf 84' lang='lat' dir='ltr'>sa·</span> 
     </span>
     <span class='ocr_line' id='line_1_50' title="bbox 106 4577 1824 4654; baseline 0 -17"><span class='ocrx_word' id='word_1_670' title='bbox 106 4583 216 4637; x_wconf 90' lang='lat' dir='ltr'>turum</span> <span class='ocrx_word' id='word_1_671' title='bbox 227 4577 940 4652; x_wconf 80' lang='lat' dir='ltr'>crederetllbraham,quodSaralactaretlilium,</span> <span class='ocrx_word' id='word_1_672' title='bbox 993 4581 1098 4639; x_wconf 86' lang='lat' dir='ltr'>lutaris</span> <span class='ocrx_word' id='word_1_673' title='bbox 1120 4579 1213 4638; x_wconf 87' lang='lat' dir='ltr'>nostri</span> <span class='ocrx_word' id='word_1_674' title='bbox 1222 4579 1391 4648; x_wconf 89' lang='lat' dir='ltr'>vocatione,</span> <span class='ocrx_word' id='word_1_675' title='bbox 1403 4578 1443 4637; x_wconf 91' lang='lat' dir='ltr'>ad</span> <span class='ocrx_word' id='word_1_676' title='bbox 1451 4582 1489 4651; x_wconf 87' lang='lat' dir='ltr'>le,</span> <span class='ocrx_word' id='word_1_677' title='bbox 1498 4581 1550 4654; x_wconf 90' lang='lat' dir='ltr'>qui</span> <span class='ocrx_word' id='word_1_678' title='bbox 1560 4595 1614 4636; x_wconf 89' lang='lat' dir='ltr'>rex</span> <span class='ocrx_word' id='word_1_679' title='bbox 1624 4584 1724 4638; x_wconf 89' lang='lat' dir='ltr'>noster</span> <span class='ocrx_word' id='word_1_680' title='bbox 1736 4595 1778 4648; x_wconf 91' lang='lat' dir='ltr'>es,</span> <span class='ocrx_word' id='word_1_681' title='bbox 1794 4582 1824 4637; x_wconf 89' lang='lat' dir='ltr'>et</span> 
     </span>
     <span class='ocr_line' id='line_1_51' title="bbox 108 4667 1822 4744; baseline 0.001 -19"><span class='ocrx_word' id='word_1_682' title='bbox 108 4683 205 4742; x_wconf 89' lang='lat' dir='ltr'>quem</span> <span class='ocrx_word' id='word_1_683' title='bbox 232 4668 347 4742; x_wconf 85' lang='lat' dir='ltr'>peperit</span> <span class='ocrx_word' id='word_1_684' title='bbox 361 4667 388 4725; x_wconf 94' lang='lat' dir='ltr'>ei</span> <span class='ocrx_word' id='word_1_685' title='bbox 415 4667 480 4740; x_wconf 86' lang='lat' dir='ltr'>jam</span> <span class='ocrx_word' id='word_1_686' title='bbox 494 4667 582 4724; x_wconf 88' lang='lat' dir='ltr'>seni‘l</span> <span class='ocrx_word' id='word_1_687' title='bbox 595 4669 690 4725; x_wconf 77' lang='lat' dir='ltr'>crevit</span> <span class='ocrx_word' id='word_1_688' title='bbox 710 4669 800 4741; x_wconf 91' lang='lat' dir='ltr'>igitur</span> <span class='ocrx_word' id='word_1_689' title='bbox 813 4685 896 4742; x_wconf 86' lang='lat' dir='ltr'>puer,</span> <span class='ocrx_word' id='word_1_690' title='bbox 914 4672 943 4727; x_wconf 86' lang='lat' dir='ltr'>et</span> <span class='ocrx_word' id='word_1_691' title='bbox 993 4670 1115 4744; x_wconf 87' lang='lat' dir='ltr'>vestigio</span> <span class='ocrx_word' id='word_1_692' title='bbox 1128 4667 1329 4727; x_wconf 90' lang='lat' dir='ltr'>committetur</span> <span class='ocrx_word' id='word_1_693' title='bbox 1345 4667 1478 4738; x_wconf 88' lang='lat' dir='ltr'>innoxio,</span> <span class='ocrx_word' id='word_1_694' title='bbox 1493 4670 1522 4725; x_wconf 86' lang='lat' dir='ltr'>et</span> <span class='ocrx_word' id='word_1_695' title='bbox 1535 4671 1761 4744; x_wconf 89' lang='lat' dir='ltr'>cursnoccupet</span> <span class='ocrx_word' id='word_1_696' title='bbox 1774 4684 1822 4726; x_wconf 91' lang='lat' dir='ltr'>ex·</span> 
     </span>
     <span class='ocr_line' id='line_1_52' title="bbox 109 4755 1106 4834; baseline 0 -19"><span class='ocrx_word' id='word_1_697' title='bbox 109 4755 478 4830; x_wconf 80' lang='lat' dir='ltr'>ablactatusesttlecitque</span> <span class='ocrx_word' id='word_1_698' title='bbox 487 4755 760 4828; x_wconf 77' lang='lat' dir='ltr'>Abrabamgrande</span> <span class='ocrx_word' id='word_1_699' title='bbox 770 4759 942 4816; x_wconf 90' lang='lat' dir='ltr'>convivium</span> <span class='ocrx_word' id='word_1_700' title='bbox 993 4759 1106 4834; x_wconf 86' lang='lat' dir='ltr'>pedite.</span> 
     </span>
     <span class='ocr_line' id='line_1_53' title="bbox 108 4843 1823 4919; baseline 0.002 -15"><span class='ocrx_word' id='word_1_701' title='bbox 108 4845 942 4919; x_wconf 75' lang='lat' dir='ltr'>indieaBlactationisejustinmquevidissetSarafilium</span> <span class='ocrx_word' id='word_1_702' title='bbox 1030 4848 1118 4906; x_wconf 87' lang='lat' dir='ltr'>Pater</span> <span class='ocrx_word' id='word_1_703' title='bbox 1141 4849 1252 4905; x_wconf 89' lang='lat' dir='ltr'>noster.</span> <span class='ocrx_word' id='word_1_704' title='bbox 1274 4845 1307 4903; x_wconf 83' lang='lat' dir='ltr'>ut</span> <span class='ocrx_word' id='word_1_705' title='bbox 1328 4859 1367 4903; x_wconf 92' lang='lat' dir='ltr'>ne</span> <span class='ocrx_word' id='word_1_706' title='bbox 1381 4859 1449 4903; x_wconf 89' lang='lat' dir='ltr'>uos.</span> <span class='ocrx_word' id='word_1_707' title='bbox 1476 4848 1499 4901; x_wconf 83' lang='lat' dir='ltr'>ll</span> <span class='ocrx_word' id='word_1_708' title='bbox 1530 4844 1611 4903; x_wconf 66' lang='lat' dir='ltr'>mmo</span> <span class='ocrx_word' id='word_1_709' title='bbox 1633 4859 1690 4904; x_wconf 90' lang='lat' dir='ltr'>nos</span> <span class='ocrx_word' id='word_1_710' title='bbox 1717 4843 1823 4909; x_wconf 81' lang='lat' dir='ltr'>libera.</span> 
     </span>
     <span class='ocr_line' id='line_1_54' title="bbox 108 4933 1224 5010; baseline 0 -17"><span class='ocrx_word' id='word_1_711' title='bbox 108 4939 191 5007; x_wconf 79' lang='lat' dir='ltr'>Agar</span> <span class='ocrx_word' id='word_1_712' title='bbox 207 4934 357 5009; x_wconf 78' lang='lat' dir='ltr'>AEgyptiie</span> <span class='ocrx_word' id='word_1_713' title='bbox 371 4933 524 4993; x_wconf 91' lang='lat' dir='ltr'>ludentem</span> <span class='ocrx_word' id='word_1_714' title='bbox 534 4950 605 4991; x_wconf 92' lang='lat' dir='ltr'>cum</span> <span class='ocrx_word' id='word_1_715' title='bbox 615 4937 700 4992; x_wconf 87' lang='lat' dir='ltr'>lseac</span> <span class='ocrx_word' id='word_1_716' title='bbox 713 4934 775 4994; x_wconf 88' lang='lat' dir='ltr'>lilio</span> <span class='ocrx_word' id='word_1_717' title='bbox 789 4936 943 5010; x_wconf 77' lang='lat' dir='ltr'>eius,dixit</span> <span class='ocrx_word' id='word_1_718' title='bbox 995 4936 1102 5007; x_wconf 80' lang='lat' dir='ltr'>Quoere</span> <span class='ocrx_word' id='word_1_719' title='bbox 1112 4937 1168 5009; x_wconf 85' lang='lat' dir='ltr'>sol.</span> <span class='ocrx_word' id='word_1_720' title='bbox 1182 4940 1224 4994; x_wconf 82' lang='lat' dir='ltr'>to.</span> 
     </span>
     <span class='ocr_line' id='line_1_55' title="bbox 108 5021 1827 5099; baseline 0.002 -17"><span class='ocrx_word' id='word_1_721' title='bbox 108 5025 147 5082; x_wconf 85' lang='lat' dir='ltr'>ad</span> <span class='ocrx_word' id='word_1_722' title='bbox 163 5023 319 5082; x_wconf 78' lang='lat' dir='ltr'>Abraham</span> <span class='ocrx_word' id='word_1_723' title='bbox 328 5042 339 5096; x_wconf 88' lang='lat'>;</span> <span class='ocrx_word' id='word_1_724' title='bbox 354 5023 434 5098; x_wconf 87' lang='lat' dir='ltr'>Bjice</span> <span class='ocrx_word' id='word_1_725' title='bbox 449 5021 590 5081; x_wconf 87' lang='lat' dir='ltr'>ancillam</span> <span class='ocrx_word' id='word_1_726' title='bbox 603 5021 693 5091; x_wconf 89' lang='lat' dir='ltr'>hanc,</span> <span class='ocrx_word' id='word_1_727' title='bbox 709 5026 739 5080; x_wconf 92' lang='lat' dir='ltr'>et</span> <span class='ocrx_word' id='word_1_728' title='bbox 751 5024 846 5082; x_wconf 90' lang='lat' dir='ltr'>fllium</span> <span class='ocrx_word' id='word_1_729' title='bbox 857 5026 941 5099; x_wconf 74' lang='lat' dir='ltr'>eiust</span> <span class='ocrx_word' id='word_1_730' title='bbox 1030 5025 1142 5084; x_wconf 82' lang='lat' dir='ltr'>Laudo.</span> <span class='ocrx_word' id='word_1_731' title='bbox 1155 5023 1273 5097; x_wconf 72' lang='lat' dir='ltr'>adjuva</span> <span class='ocrx_word' id='word_1_732' title='bbox 1286 5023 1464 5082; x_wconf 82' lang='lat' dir='ltr'>nosP.Deus</span> <span class='ocrx_word' id='word_1_733' title='bbox 1476 5022 1827 5090; x_wconf 63' lang='lat' dir='ltr'>insonuissent</span> 
     </span>
     <span class='ocr_line' id='line_1_56' title="bbox 107 5110 1821 5188; baseline -0.001 -17"><span class='ocrx_word' id='word_1_734' title='bbox 107 5129 176 5171; x_wconf 89' lang='lat' dir='ltr'>non</span> <span class='ocrx_word' id='word_1_735' title='bbox 205 5128 288 5170; x_wconf 83' lang='lat' dir='ltr'>enim</span> <span class='ocrx_word' id='word_1_736' title='bbox 302 5112 453 5171; x_wconf 89' lang='lat' dir='ltr'>eritheres</span> <span class='ocrx_word' id='word_1_737' title='bbox 478 5111 557 5169; x_wconf 90' lang='lat' dir='ltr'>lilius</span> <span class='ocrx_word' id='word_1_738' title='bbox 582 5110 698 5169; x_wconf 76' lang='lat' dir='ltr'>ancille</span> <span class='ocrx_word' id='word_1_739' title='bbox 716 5127 785 5170; x_wconf 92' lang='lat' dir='ltr'>cum</span> <span class='ocrx_word' id='word_1_740' title='bbox 800 5113 862 5172; x_wconf 92' lang='lat' dir='ltr'>filio</span> <span class='ocrx_word' id='word_1_741' title='bbox 875 5130 943 5173; x_wconf 90' lang='lat' dir='ltr'>meo</span> <span class='ocrx_word' id='word_1_742' title='bbox 995 5117 1117 5188; x_wconf 88' lang='lat' dir='ltr'>propter</span> <span class='ocrx_word' id='word_1_743' title='bbox 1130 5114 1276 5171; x_wconf 89' lang='lat' dir='ltr'>honorem</span> <span class='ocrx_word' id='word_1_744' title='bbox 1290 5111 1420 5170; x_wconf 92' lang='lat' dir='ltr'>nominis</span> <span class='ocrx_word' id='word_1_745' title='bbox 1436 5111 1477 5168; x_wconf 91' lang='lat' dir='ltr'>tui</span> <span class='ocrx_word' id='word_1_746' title='bbox 1502 5112 1629 5173; x_wconf 87' lang='lat' dir='ltr'>Domine</span> <span class='ocrx_word' id='word_1_747' title='bbox 1641 5115 1736 5176; x_wconf 88' lang='lat' dir='ltr'>libera</span> <span class='ocrx_word' id='word_1_748' title='bbox 1744 5130 1821 5172; x_wconf 90' lang='lat' dir='ltr'>nos:</span> 
     </span>
     <span class='ocr_line' id='line_1_57' title="bbox 108 5200 1827 5278; baseline -0.002 -19"><span class='ocrx_word' id='word_1_749' title='bbox 108 5205 207 5259; x_wconf 82' lang='lat' dir='ltr'>isaac.</span> <span class='ocrx_word' id='word_1_750' title='bbox 222 5205 301 5260; x_wconf 88' lang='lat' dir='ltr'>Dure</span> <span class='ocrx_word' id='word_1_751' title='bbox 314 5202 426 5274; x_wconf 89' lang='lat' dir='ltr'>accepit</span> <span class='ocrx_word' id='word_1_752' title='bbox 440 5203 498 5259; x_wconf 89' lang='lat' dir='ltr'>hoc</span> <span class='ocrx_word' id='word_1_753' title='bbox 511 5200 664 5258; x_wconf 76' lang='lat' dir='ltr'>Abraham</span> <span class='ocrx_word' id='word_1_754' title='bbox 680 5201 809 5275; x_wconf 84' lang='lat' dir='ltr'>proillio</span> <span class='ocrx_word' id='word_1_755' title='bbox 824 5204 945 5262; x_wconf 81' lang='lat' dir='ltr'>suocui</span> <span class='ocrx_word' id='word_1_756' title='bbox 996 5208 1026 5261; x_wconf 91' lang='lat' dir='ltr'>et</span> <span class='ocrx_word' id='word_1_757' title='bbox 1039 5203 1185 5276; x_wconf 92' lang='lat' dir='ltr'>propitius</span> <span class='ocrx_word' id='word_1_758' title='bbox 1205 5205 1267 5258; x_wconf 91' lang='lat' dir='ltr'>esto</span> <span class='ocrx_word' id='word_1_759' title='bbox 1294 5201 1423 5274; x_wconf 88' lang='lat' dir='ltr'>peccatis</span> <span class='ocrx_word' id='word_1_760' title='bbox 1438 5203 1567 5272; x_wconf 85' lang='lat' dir='ltr'>uostris;</span> <span class='ocrx_word' id='word_1_761' title='bbox 1583 5211 1827 5278; x_wconf 90' lang='lat' dir='ltr'>propternomen</span> 
     </span>
     <span class='ocr_line' id='line_1_58' title="bbox 109 5289 1724 5368; baseline -0.002 -19"><span class='ocrx_word' id='word_1_762' title='bbox 109 5291 192 5349; x_wconf 83' lang='lat' dir='ltr'>dixit</span> <span class='ocrx_word' id='word_1_763' title='bbox 204 5292 282 5348; x_wconf 83' lang='lat' dir='ltr'>Deus</span> <span class='ocrx_word' id='word_1_764' title='bbox 292 5312 299 5349; x_wconf 90' lang='lat'><strong>:</strong></span> <span class='ocrx_word' id='word_1_765' title='bbox 310 5291 434 5349; x_wconf 83' lang='lat' dir='ltr'>Nontibi</span> <span class='ocrx_word' id='word_1_766' title='bbox 443 5290 578 5348; x_wconf 89' lang='lat' dir='ltr'>videatur</span> <span class='ocrx_word' id='word_1_767' title='bbox 590 5307 732 5364; x_wconf 88' lang='lat' dir='ltr'>asperum</span> <span class='ocrx_word' id='word_1_768' title='bbox 744 5308 944 5368; x_wconf 90' lang='lat' dir='ltr'>superpuero,</span> <span class='ocrx_word' id='word_1_769' title='bbox 997 5298 1092 5352; x_wconf 87' lang='lat' dir='ltr'>tuum.</span> <span class='ocrx_word' id='word_1_770' title='bbox 1109 5291 1140 5349; x_wconf 85' lang='grc' dir='ltr'>Ρ.</span> <span class='ocrx_word' id='word_1_771' title='bbox 1158 5292 1235 5348; x_wconf 89' lang='lat' dir='ltr'>Deus</span> <span class='ocrx_word' id='word_1_772' title='bbox 1249 5289 1396 5360; x_wconf 85' lang='lat' dir='ltr'>salutaris,</span> <span class='ocrx_word' id='word_1_773' title='bbox 1413 5291 1446 5355; x_wconf 82' lang='lat' dir='ltr'>v.</span> <span class='ocrx_word' id='word_1_774' title='bbox 1467 5292 1577 5352; x_wconf 88' lang='lat' dir='ltr'>Gloria.</span> <span class='ocrx_word' id='word_1_775' title='bbox 1592 5295 1624 5349; x_wconf 88' lang='lat' dir='ltr'>P.</span> <span class='ocrx_word' id='word_1_776' title='bbox 1638 5293 1724 5350; x_wconf 87' lang='lat' dir='ltr'>Deus.</span> 
     </span>
     <span class='ocr_line' id='line_1_59' title="bbox 108 5376 1828 5458; baseline -0.002 -20"><span class='ocrx_word' id='word_1_777' title='bbox 108 5387 140 5438; x_wconf 93' lang='lat' dir='ltr'>et</span> <span class='ocrx_word' id='word_1_778' title='bbox 151 5396 248 5455; x_wconf 84' lang='lat' dir='ltr'>super</span> <span class='ocrx_word' id='word_1_779' title='bbox 261 5381 372 5440; x_wconf 88' lang='lat' dir='ltr'>ancilla</span> <span class='ocrx_word' id='word_1_780' title='bbox 386 5387 457 5441; x_wconf 88' lang='lat' dir='ltr'>toa:</span> <span class='ocrx_word' id='word_1_781' title='bbox 482 5379 669 5454; x_wconf 79' lang='lat' dir='ltr'>omniaque</span> <span class='ocrx_word' id='word_1_782' title='bbox 680 5381 733 5440; x_wconf 90' lang='lat' dir='ltr'>libi</span> <span class='ocrx_word' id='word_1_783' title='bbox 743 5382 850 5443; x_wconf 88' lang='lat' dir='ltr'>dixerit</span> <span class='ocrx_word' id='word_1_784' title='bbox 859 5385 943 5458; x_wconf 85' lang='lat' dir='ltr'>Sara,</span> <span class='ocrx_word' id='word_1_785' title='bbox 1035 5379 1147 5439; x_wconf 85' lang='lat' dir='ltr'>Oratio.</span> <span class='ocrx_word' id='word_1_786' title='bbox 1159 5379 1306 5455; x_wconf 82' lang='lat' dir='ltr'>Propitius</span> <span class='ocrx_word' id='word_1_787' title='bbox 1318 5385 1381 5440; x_wconf 88' lang='lat' dir='ltr'>esto</span> <span class='ocrx_word' id='word_1_788' title='bbox 1391 5380 1639 5457; x_wconf 87' lang='lat' dir='ltr'>peccatisnostris</span> <span class='ocrx_word' id='word_1_789' title='bbox 1647 5376 1788 5444; x_wconf 89' lang='lat' dir='ltr'>Domine;</span> <span class='ocrx_word' id='word_1_790' title='bbox 1798 5379 1828 5435; x_wconf 89' lang='lat' dir='ltr'>et</span> 
     </span>
     <span class='ocr_line' id='line_1_60' title="bbox 110 5466 1829 5550; baseline 0.001 -21"><span class='ocrx_word' id='word_1_791' title='bbox 110 5469 191 5530; x_wconf 87' lang='lat' dir='ltr'>audi</span> <span class='ocrx_word' id='word_1_792' title='bbox 198 5487 305 5531; x_wconf 87' lang='lat' dir='ltr'>vocem</span> <span class='ocrx_word' id='word_1_793' title='bbox 312 5469 510 5544; x_wconf 82' lang='lat' dir='ltr'>ejus:qoiain</span> <span class='ocrx_word' id='word_1_794' title='bbox 517 5467 822 5532; x_wconf 81' lang='lat' dir='ltr'>Isaacvocabiturtibi</span> <span class='ocrx_word' id='word_1_795' title='bbox 829 5488 944 5534; x_wconf 88' lang='lat' dir='ltr'>semen.</span> <span class='ocrx_word' id='word_1_796' title='bbox 999 5471 1277 5550; x_wconf 87' lang='lat' dir='ltr'>prepterhonorem</span> <span class='ocrx_word' id='word_1_797' title='bbox 1291 5471 1424 5533; x_wconf 89' lang='lat' dir='ltr'>nominis</span> <span class='ocrx_word' id='word_1_798' title='bbox 1446 5469 1488 5530; x_wconf 89' lang='lat' dir='ltr'>tui</span> <span class='ocrx_word' id='word_1_799' title='bbox 1502 5466 1634 5544; x_wconf 86' lang='lat' dir='ltr'>perlecta</span> <span class='ocrx_word' id='word_1_800' title='bbox 1655 5483 1714 5528; x_wconf 87' lang='lat' dir='ltr'>nos</span> <span class='ocrx_word' id='word_1_801' title='bbox 1726 5481 1829 5530; x_wconf 83' lang='lat' dir='ltr'>recrea</span> 
     </span>
     <span class='ocr_line' id='line_1_61' title="bbox 259 5555 1709 5619; baseline -0.002 0"><span class='ocrx_word' id='word_1_802' title='bbox 259 5562 380 5619; x_wconf 77' lang='lat' dir='ltr'>Persou.</span> <span class='ocrx_word' id='word_1_803' title='bbox 400 5559 546 5619; x_wconf 78' lang='lat' dir='ltr'>cxxxvi.</span> <span class='ocrx_word' id='word_1_804' title='bbox 1675 5555 1709 5616; x_wconf 86' lang='lat'>10</span> 
     </span>
    </p>
   </div>
   <div class='ocr_carea' id='block_1_3' title="bbox 0 0 2071 6164">
    <p class='ocr_par' dir='ltr' id='par_1_3' title="bbox 0 0 2071 6164">
     <span class='ocr_line' id='line_1_62' title="bbox 0 0 2071 6164; baseline 0 0"><span class='ocrx_word' id='word_1_805' title='bbox 0 0 2071 6164; x_wconf 95' lang='lat' dir='ltr'> </span> 
     </span>
    </p>
   </div>
  </div>
 </body>
</html>
