4117 6175
65 263 136 323 1065

66 386 207 445 ltaodant
216 382 340 455 restitui,
354 382 563 461 cadaveraque
577 387 686 456 claudi,

65 476 151 533 llixto
166 474 312 534 marmori
325 475 448 548 pulvere
463 477 622 534 sacranda.

100 564 242 638 Otriplsx
252 565 359 636 honor,
376 581 394 622 o
414 566 545 624 triforme
560 567 691 636 cutmen,

66 658 131 723 Quo
142 661 253 713 nostrus
267 659 358 728 caput
372 657 516 713 excitatur
527 657 620 724 urbis,

67 745 186 803 Cunctis
197 743 324 802 urbibus
338 743 474 802 eminens
486 745 586 817 iberis,

66 832 203 891 Exultarc
217 833 313 890 tribus
324 832 396 891 libet
408 835 560 892 Patronis:

102 924 236 990 Quorum
249 921 391 996 prasidio
403 921 542 981 fovemur
557 939 664 982 omnes

65 1015 223 1070 Terrarum
236 1011 342 1085 populi
355 1011 569 1084 Pyrinaearum.

66 1100 243 1160 Circumstat
255 1099 365 1158 chorus
377 1115 415 1158 cx
426 1106 553 1176 utroque
565 1118 648 1171 sexu,

64 1193 166 1260 Beros,
181 1189 275 1262 uirgo,
289 1205 374 1263 puer,
385 1206 488 1259 sena,
500 1191 599 1250 anicla
614 1209 621 1248 ε

101 1280 239 1338 Vestrum
248 1278 365 1352 psallite
375 1281 430 1338 rite
445 1283 653 1353 fructuosum,

65 1368 208 1428 baudans
219 1367 366 1440 agurium
379 1368 501 1427 resultet
512 1371 654 1444 hymnus,

66 1457 163 1516 ltixtis
178 1456 338 1528 Eulogium
349 1457 451 1517 modis
462 1459 640 1533 coaequans,'

66 1546 240 1605 Reddamus
249 1547 374 1621 paribus
389 1563 477 1622 pares
488 1550 655 1607 camaenas.

103 1637 177 1694 Dinc
190 1640 296 1694 aurata
309 1643 417 1694 sonent
429 1639 460 1694 in
471 1653 540 1696 urce
552 1640 638 1703 tecta,

69 1725 217 1784 Blandum
235 1724 340 1784 littoris
354 1727 511 1784 cxtctinde
526 1742 672 1799 murmur,

68 1817 103 1872 Et
114 1830 237 1873 wmcn
250 1815 326 1872 treta
340 1815 447 1874 feriata
460 1822 604 1889 pungant.

70 1903 147 1962 Olim
163 1909 281 1978 tempus
299 1905 354 1962 erit
366 1910 470 1963 ruente
485 1906 609 1974 mundo,

105 1994 205 2060 Duum
222 1996 252 2050 te
264 1995 393 2051 Tarraco
407 1995 589 2052 Fructuosus
600 1995 663 2052 scri

69 2081 172 2140 Solvet
190 2081 337 2156 supplicio
350 2087 454 2155 tegens
465 2084 505 2140 ab
519 2084 597 2154 ignc.

68 2171 143 2228 Fors
155 2170 338 2244 dignabitur,
350 2177 378 2228 ct
388 2172 462 2228 meis
475 2173 624 2230 medelam

67 2260 235 2318 Termantia
245 2259 328 2328 dare,
344 2267 540 2334 prosperante
554 2261 676 2328 cbristo,

69 2349 178 2407 Dulces
193 2349 463 2423 ttendccasyllabos
475 2351 639 2419 revolvens,

68 2441 167 2514 Atque
178 2439 346 2512 tripudians
361 2439 437 2497 ooelo
449 2440 601 2498 admixtus
616 2441 730 2498 chorus

68 2530 126 2586 Per
139 2528 249 2587 sucula
261 2528 364 2586 vivens
376 2528 409 2585 in
423 2529 542 2586 retbere.

104 2617 229 2675 AEterno
241 2617 371 2675 Genitori
381 2618 486 2689 gloria,
502 2619 617 2676 Christo

69 2708 196 2780 Semper
207 2707 308 2777 genito
322 2707 360 2763 sit
372 2705 424 2763 tibi
437 2721 568 2780 semper,

70 2795 204 2868 Compar
218 2793 338 2868 Spiritui
349 2812 358 2864 ;
368 2796 419 2868 qui
437 2796 515 2852 Deus
531 2808 610 2852 uuus

69 2883 167 2944 Pollae
178 2885 330 2960 perpetuis
343 2883 454 2958 inclyte
466 2884 593 2942 craculis.

215 2994 323 3050 Amen.

100 3116 301 3189 supplicatio.
309 3114 577 3186 Dremus‚mutctts
585 3117 765 3183 nominibus,
773 3119 800 3189 Ι.
813 3134 898 3177 cuir.

105 3207 261 3278 capitula.
280 3207 402 3273 Christe,
418 3206 469 3263 Det
483 3205 581 3276 lilino,
594 3207 647 3279 qui
660 3207 795 3265 attribue
809 3206 842 3265 in
851 3224 900 3267 co·

67 3297 156 3355 mino
167 3294 272 3370 positis
286 3296 387 3368 pueris
402 3295 543 3354 liberator
556 3294 700 3353 mirificus
713 3296 855 3366 sdtuisti3
872 3301 900 3356 et

69 3382 898 3459 uibushismsrtyribusttructuoscliguriuntenegio,

68 3472 208 3550 probatis
222 3472 344 3545 ignibus
357 3472 488 3531 caruisti
499 3491 506 3530 ι
517 3472 625 3531 dumet
634 3473 693 3530 illis
703 3479 840 3548 paratam
853 3491 901 3536 ca-

68 3563 158 3622 mino
178 3568 305 3621 mortem
319 3562 457 3634 evadere,
478 3569 507 3621 et
527 3562 589 3619 istis
610 3578 738 3622 coronas
755 3565 899 3633 invenire,

67 3652 207 3712 nammis
220 3668 348 3727 corpora
356 3652 611 3724 extinguentibus,
623 3653 798 3713 concessisti
810 3670 818 3713 :
829 3670 902 3729 pra·

66 3742 150 3801 bens
158 3743 190 3800 in
203 3742 334 3817 utrisque
341 3743 472 3801 discreta
486 3742 651 3813 gratiarum
665 3742 776 3813 officia,
789 3744 902 3802 dumet

605 255 852 323 stoctonam.
870 295 907 312 -
924 263 1038 325 PESTX
1051 259 1229 327 sentiunt.

906 393 931 449 tt
978 391 1291 453 Permisericordiam.

980 480 1015 537 ln
1028 481 1152 539 nominc
1164 482 1293 540 Domini.

1186 571 1244 627 Dru
1263 572 1332 627 XXll
1350 573 1521 630 JANUAltll.

979 673 1007 714 ru
1024 674 1111 717 resno
1136 674 1234 717 sauorr
1253 675 1388 718 viscereo
1408 676 1510 718 sarire
1536 677 1569 719 ar
1588 677 1729 725 assessis.

1238 749 1289 806 dd
1308 751 1474 820 vesperum.

978 836 1092 894 lauda.
1110 838 1353 910 speraritunima
1372 853 1449 898 mea.
1465 841 1531 898 Pol.
1553 855 1625 898 ccvi.

977 925 1142 1000 SonoSpcs
1151 942 1218 985 mea
1227 930 1308 994 tues,
1320 928 1767 1001 partinmeeiotcrravivnrum.

943 1014 976 1071 P.
985 1014 1107 1089 Respice
1115 1017 1193 1072 Deus
1207 1016 1421 1075 adorationem
1431 1032 1543 1077 meam.
1552 1017 1684 1076 Alleluia.
1693 1017 1725 1080 t.
1737 1023 1770 1076 ln

943 1102 1373 1177 conspeetuDominieffuodam
1379 1107 1540 1165 orationem
1547 1105 1772 1172 meam,tribula·

944 1191 1057 1249 donem
1073 1207 1172 1250 meam
1186 1198 1255 1251 ante
1269 1194 1370 1267 ipsum
1378 1195 1592 1269 pronuntiabo.
1605 1194 1679 1253 Cum
1689 1194 1769 1253 dele·

944 1280 1103 1338 ceritame
1114 1280 1580 1354 spiritusmeus‚ettucognovisti
1591 1283 1725 1342 Domine.
1737 1282 1770 1340 P.

945 1369 1771 1445 Respice.l.Domineinviaistaperquamambulabam,

946 1457 1376 1532 absconderuntmuscipulum
1385 1457 1775 1516 mihilntendebamindex·

947 1552 1052 1620 uram,
1064 1551 1092 1605 ct
1108 1547 1248 1606 videbam
1262 1565 1269 1604 ε
1282 1550 1311 1604 ct
1324 1561 1385 1605 non
1401 1551 1473 1613 erat,
1490 1547 1542 1620 qui
1550 1550 1777 1621 recognosceret

948 1652 1008 1695 ms.
1027 1638 1059 1692 P.
1075 1635 1200 1710 Respice
1212 1638 1298 1694 Deus:
1308 1635 1589 1706 ut'ugamsaasm
1604 1635 1702 1709 periit,
1721 1649 1777 1692 nec

911 1743 934 1801 Β
948 1729 994 1782 est
1007 1724 1323 1798 quiqoaeratanimam
1335 1739 1444 1784 meam.
1458 1723 1586 1782 Domina
1597 1723 1729 1782 clamavi
1736 1721 1777 1782 ad

949 1819 977 1872 ta
992 1832 999 1872 ε
1016 1815 1050 1869 P.
1064 1814 1187 1889 Respice
1202 1815 1288 1872 Deus.

984 1899 1130 1959 Dominus
1143 1901 1180 1959 sit
1195 1916 1325 1976 semper.
1341 1912 1374 1973 tp.
1393 1903 1520 1959 Etcum.

985 1988 1160 2060 antiplona
1177 1996 1201 2048 t.
1217 1990 1320 2050 Libera
1331 2006 1380 2049 ms
1392 1990 1519 2048 Domine
1532 1989 1571 2047 de
1584 1988 1659 2058 luto,
1673 1991 1781 2046 utnon

949 2077 1113 2136 inhaeream
1129 2095 1136 2134 :
1156 2094 1244 2136 eruar
1259 2077 1351 2136 exhia
1368 2078 1420 2151 qui
1431 2078 1560 2136 oderunt
1571 2093 1630 2135 me.
1646 2077 1679 2135 P.
1694 2077 1728 2134 Et
1744 2074 1782 2133 de

949 2167 1101 2241 profundo
1114 2183 1274 2242 aquarum.
1294 2171 1357 2225 lton
1383 2181 1431 2223 me
1446 2167 1598 2238 dimergat
1621 2168 1783 2237 tempestas

950 2272 1048 2332 aquae,
1064 2272 1120 2315 nee
1130 2257 1290 2314 obsorbeat
1301 2271 1349 2314 me
1360 2255 1447 2329 [ccvi]
1459 2254 1657 2324 protundum.
1668 2251 1700 2314 P.
1719 2251 1784 2310 Sal-

951 2363 1024 2404 vum
1033 2346 1135 2405 malac
1143 2349 1222 2404 Deus
1234 2364 1242 2404 :
1252 2343 1582 2420 quoniamintroierunt
1592 2357 1782 2417 aquosusque

950 2436 991 2494 ad
1006 2437 1142 2495 enimam
1166 2451 1276 2494 meam.
1299 2438 1328 2492 P.
1348 2437 1380 2492 Et
1403 2435 1441 2492 de
1461 2431 1624 2508 profundo.
1637 2431 1669 2494 t·
1686 2430 1786 2490 Gloria

951 2530 979 2584 st
993 2525 1102 2584 honor.
1119 2525 1151 2580 P.
1170 2527 1203 2581 nt
1220 2523 1258 2582 de
1275 2523 1438 2596 profundo.

988 2613 1099 2672 Oratio.
1124 2615 1211 2679 Deus,
1229 2613 1281 2686 qui
1302 2610 1402 2668 multis
1425 2611 1603 2683 passionum
1625 2607 1786 2680 generibus

950 2701 1075 2761 mirifice
1087 2702 1256 2760 vincentem
1273 2697 1459 2758 vincentium
1473 2695 1635 2765 coronasti,
1655 2695 1787 2752 liberans

951 2789 1037 2849 ittum
1050 2791 1090 2850 ab
1104 2790 1184 2847 omni
1196 2787 1288 2846 exitio
1297 2789 1525 2852 tormentorum,
1542 2789 1574 2842 ut
1585 2782 1712 2854 vestigia
1721 2782 1787 2855 eius

951 2871 1626 2957 quaelutononinhaeserantsitiorum,mirifice
1638 2870 1788 2930 culcarent

953 2985 1044 3028 omne
1050 2967 1230 3026 crudelitatis
1245 2964 1422 3039 supplicium
1433 2979 1440 3031 ;
1451 2958 1788 3035 neuquasumobsorbe·

919 3056 1206 3154 creturprotundo,
1227 3057 1276 3130 qui
1296 3059 1396 3115 mente
1413 3052 1557 3111 succulum
1580 3052 1710 3119 colonus,
1721 3050 1787 3124 jam

953 3151 1040 3209 heres
1052 3154 1129 3207 esset
1142 3148 1298 3223 proximus
1313 3146 1388 3203 coeto
1402 3162 1408 3201 :
1424 3144 1528 3217 praebe
1540 3143 1628 3200 nobis
1648 3140 1788 3216 precibus

954 3240 1027 3299 tanti
1039 3239 1182 3312 Martyris,
1196 3252 1252 3295 nec
1267 3236 1329 3293 luto
1342 3235 1481 3291 vitiorum
1498 3231 1623 3301 adtingi,
1644 3245 1699 3285 nec
1719 3244 1786 3302 pro·

955 3328 1049 3387 lunda
1060 3324 1278 3400 desperationis
1289 3323 1430 3394 voragine
1446 3320 1553 3394 operiri
1567 3328 1574 3374 t
1587 3318 1641 3373 sed
1654 3316 1786 3374 candida

954 3416 1144 3476 conscientiae
1152 3414 1288 3472 libertate
1298 3409 1683 3481 decoriubtpresentsmur
1693 3403 1723 3461 in
1733 3402 1783 3460 die

951 3506 1068 3580 iudicii.
1091 3516 1124 3578 tp.
1143 3507 1249 3561 amen.

990 3594 1136 3654 Dominus
1150 3592 1197 3651 sit.
1213 3603 1246 3665 tp.
1267 3594 1388 3649 Etcum.

989 3685 1170 3757 Antiphone.
1182 3684 1244 3752 Ego
1255 3681 1285 3738 in
1294 3677 1450 3737 laboribus
1462 3676 1563 3734 multis
1572 3673 1623 3745 lui,
1637 3676 1666 3730 et
1677 3672 1781 3729 incar-

956 3790 1032 3834 cere.
1043 3771 1192 3845 'lervirgis
1206 3787 1301 3827 caesus
1311 3782 1389 3835 sum,
1398 3770 1485 3825 nocte
1496 3764 1582 3822 etdia
1591 3763 1622 3820 io
1632 3759 1783 3836 prolundo

67 3830 140 3891 ¹¹¹⁰⁸
154 3832 233 3905 5⁸⁰1*
245 3848 309 3891 ”⁰¹¹
321 3836 465 3904 tangeret,
481 3837 510 3889 ⁰²
522 3831 599 3889 Μ’
613 3832 772 3906 “dmm‘'
785 3833 903 3892 ¹⁸⁶ffi¹¹⁸
956 3862 1098 3923 mactetur
1112 3878 1120 3930 ;
1136 3862 1167 3916 e.
1182 3863 1213 3916 n
1226 3875 1260 3914 rx
1274 3858 1321 3915 ris
1332 3856 1475 3915 omnibus
1487 3852 1625 3911 liberavit
1635 3865 1684 3907 ms
1695 3852 1782 3917 neus,

67 3920 445 3996 ⁰⁰⁹⁰n⁸¹⁸t²⁸u⁸p⁰⁰d⁰⁰³
456 3919 905 3988 “binimmoem'mnmmffl‘
957 3953 1011 4030 qui
1022 3954 1067 4010 nst
1078 3948 1253 4008 benedictus
1273 3948 1303 4003 in
1327 3944 1449 4003 saecula.
1465 3944 1498 4007 P.
1519 3939 1699 4015 multiplicati
1715 3940 1785 3994 sunt

66 4014 100 4070 in
115 4010 187 4069 Μ’
199 4010 385 4069 ¹⁸⁰d⁸bi¹⁰m
407 4010 581 4084 P⁸⁸⁸i⁰⁰⁰m
595 4029 602 4078 ³
618 4017 814 4085 ”mmmm
827 4011 904 4069 '⁰²5⁵
959 4059 1050 4118 super
1060 4036 1296 4114 capillosoapitis
1306 4034 1435 4108 mci‚qui
1445 4026 1784 4099 oderuntmegratis.P.

66 4098 906 4174 obsequentilamulatuignisipsedcserviens,dumetab
961 4134 995 4191 Εἰ
1008 4149 1045 4190 0¹
1066 4130 1115 4188 his
1130 4127 1282 4187 omnibus·
1297 4124 1328 4187 p·
1347 4124 1453 4195 Gloria,
1474 4124 1503 4179 ep
1522 4121 1628 4179 honor,
1647 4118 1679 4171 p,
1699 4118 1732 4175 gt
1750 4130 1787 4173 0¹

65 4185 143 4261 illis,
158 4206 196 4246 ne
206 4194 405 4259 morerentur,
414 4186 582 4256 recederst;
593 4192 622 4245 et
636 4187 676 4245 ad
687 4188 771 4256 istos,
780 4193 813 4247 ut
824 4204 908 4249 coro.

961 4222 1009 4281 his
1027 4218 1179 4280 omnibus.

65 4298 112 4340 na
125 4285 294 4354 praeoptata
305 4280 418 4336 veniret
438 4300 445 4335 r
459 4279 500 4335 da
512 4276 611 4346 nobis,
629 4279 699 4335 utin
711 4282 908 4353 utrorumque
997 4309 1141 4369 Dominus
1158 4307 1204 4364 sp,
1220 4318 1252 4377 ἢ,
1266 4306 1299 4361 pp
1313 4318 1392 4361 gum,

67 4370 233 4431 sanctitate
243 4367 388 4441 letantes,
400 4368 445 4427 sic
454 4368 596 4425 victorias
605 4370 770 4443 Martyrum
780 4368 909 4427 celebre·
996 4398 1110 4457 Lauda·
1126 4394 1390 4453 Circumdederunt
1406 4405 1456 4447 mg
1470 4404 1558 4463 aquae
1568 4401 1664 4462 usquo
1674 4384 1714 4443 ad
1725 4382 1788 4442 ani·

68 4476 161 4525 mus,
175 4455 337 4516 utiulinita
348 4456 470 4515 cumeis
487 4455 590 4514 latitia
606 4447 808 4529 gaudeamus.

108 4568 322 4623 paternoster.
336 4562 493 4621 liberatis
504 4562 597 4622 malo.

109 4672 233 4731 mado.
255 4672 433 4730 Columnam
444 4669 535 4740 ignis.
549 4668 614 4727 Pol.
635 4684 729 4728 cxcix.

111 4779 303 4838 Benedictio.
321 4778 456 4835 Christus
480 4776 634 4848 Dominus,
648 4778 702 4851 qui
716 4780 877 4837 Fructuosu

923 4450 948 4507 D
963 4504 1046 4547 mam
1059 4502 1065 4542 :
1078 4484 1211 4543 Alleluia.
1224 4484 1255 4539 P.
1265 4482 1393 4553 Pelagus
1408 4472 1728 4553 undiquemevallavit
1738 4487 1746 4538 ;
1756 4470 1789 4527 in

963 4576 1064 4635 medio
1077 4588 1160 4632 mare
1173 4570 1332 4630 novissime
1345 4568 1477 4627 liberasti
1491 4582 1540 4625 me
1561 4562 1696 4625 Domine.
1711 4558 1790 4615 tille-

964 4667 1035 4731 luia,
1050 4662 1179 4722 alleluia.
1194 4661 1226 4723 l.
1248 4662 1288 4717 De
1302 4655 1462 4731 profundis
1482 4654 1612 4713 clamavi
1630 4650 1669 4709 ed
1689 4653 1717 4705 te
1736 4647 1791 4701 Do·

880 4794 910 4837 m
965 4755 1048 4814 mine
1065 4770 1071 4811 :
1087 4752 1212 4811 Domine
1232 4748 1339 4808 exaudi
1357 4762 1460 4804 vocem
1472 4759 1584 4803 meam.
1614 4740 1646 4795 P.
1666 4734 1792 4805 Pelagus

69 4869 264 4945 Episcopum
278 4882 349 4925 cum
367 4866 428 4923 suis
444 4864 625 4923 Diaconibns
643 4866 829 4925 examinatos
841 4867 914 4939 igne
967 4844 1112 4917 undique·
1128 4840 1160 4903 V·
1174 4839 1283 4905 ⁰¹0li⁸s
1303 4840 1332 4895 02
1343 4836 1450 4893 h⁰110D
1460 4834 1483 4889 Ρ
1487 4872 1495 4888 ·
1506 4830 1643 4900 Pelagus.

65 4956 219 5033 perduxit
230 4956 270 5014 ad
280 4971 419 5029 reguum,
432 4954 574 5012 liberatos
588 4969 643 5012 vos
656 4956 807 5014 acamino
815 4955 911 5016 tibidi-

64 5062 155 5107 num
167 5044 294 5104 heredes
309 5044 418 5103 efficiat
429 5041 516 5117 regni
533 5042 696 5103 coelorum.
714 5056 749 5118 tp.
760 5044 866 5103 Amen.
881 5024 917 5101 lit

67 5137 127 5211 qui
133 5149 299 5210 corporum
304 5133 555 5200 illorumcinerss‚
566 5138 732 5207 usurpatos
742 5133 916 5193 aframibusr

71 5222 921 5297 unoinlocotumulaudossoluitcongregare,abunitote

70 5330 137 5374 vos
149 5328 213 5373 non
225 5302 339 5371 dividat
349 5317 463 5372 sanctae
480 5314 584 5370 matris
594 5312 753 5372 Ecclesiae:
771 5324 804 5388 [p.
815 5314 921 5372 Amen.

73 5408 116 5464 llt
132 5418 207 5460 eum
221 5403 448 5462 interssemmes
464 5404 718 5479 concupiscentie
731 5404 924 5463 liberatorem

66 5493 261 5553 mereamini
271 5494 416 5560 invenire,
426 5492 528 5567 inquo
538 5492 580 5549 illi
592 5501 660 5567 post
672 5494 803 5552 esuriem
812 5508 927 5552 merua·

72 5586 162 5643 runt
175 5582 311 5643 invenire
326 5582 530 5641 relectionem.
551 5594 583 5653 tp.
600 5588 703 5640 ltmsn.

263 5672 382 5730 Prinos.
403 5671 555 5729 LXXXVI.

1315 4936 1455 5007 Hymnus

1078 5040 1168 5098 Adest
1180 5032 1321 5095 miranda
1333 5030 1434 5108 passio

1048 5126 1156 5187 levites
1170 5124 1272 5185 Sancti
1287 5118 1437 5195 martyris,

1050 5218 1103 5277 Cui
1117 5218 1199 5276 clara
1209 5216 1317 5275 virtute
1330 5210 1464 5284 flagrem

1054 5307 1172 5366 corona
1190 5302 1324 5363 Vincenti
1336 5300 1434 5359 datur.

1091 5398 1197 5453 Beatus
1210 5392 1258 5451 ille
1269 5390 1400 5465 spiritus,

1059 5489 1154 5555 Quem
1168 5488 1235 5558 post
1249 5480 1437 5553 triumphum
1452 5468 1557 5549 praelii,

1063 5578 1136 5633 Post
1147 5572 1246 5631 vincla
1261 5571 1326 5628 dira
1341 5566 1477 5631 carceris,
1652 5642 1687 5701 3⁴
