4117 6175
268 247 320 315 απ
891 229 1118 293 saeviturum
1138 216 1339 290 oouffleuu.
1899 230 1944 293 aa

303 368 568 434 Adnunoiabernnt
580 362 648 423 eceli
657 358 798 419 iustitiam
811 356 875 417 eius
885 357 897 381 *
906 360 935 415 et
948 354 1089 414 viderunt
1107 352 1131 410 Α
1179 355 1364 414 invocabant
1374 354 1547 421 Dominum,
1558 356 1587 412 et
1599 352 1663 427 ipse
1671 352 1845 413 exaudiebat
1853 358 1944 416 sosia

268 479 374 524 omnes
384 459 489 536 populi
502 454 629 529 gloriam
643 451 717 509 eius·
1145 442 1285 501 eolumna
1299 441 1388 501 nubis
1405 440 1585 519 loquebatur
1594 441 1634 500 ad
1644 457 1706 500 sos.
1739 462 1740 467 ¹

305 549 531 612 confundantur
545 556 660 609 omnes,
673 537 727 613 qui
741 535 869 594 adorant
879 529 1030 606 sculptilia
1042 528 1091 587 *et
1181 529 1395 591 Custodiebent
1409 530 1580 590 testimonie
1594 529 1668 599 eius,
1684 534 1712 589 oi
1724 534 1868 605 praecepta
1876 531 1943 591 eius·

268 642 320 715 qui
332 638 495 713 gloriantur
507 634 540 691 iu
552 626 722 690 etmuiaerls
732 625 806 683 suis.
1144 620 1428 695 quaedederatillis.

303 728 434 787 adorate
447 720 628 781 Dominum·
647 730 753 775 omnes
765 710 865 784 angeli
874 708 947 767 eius.
1180 710 1306 769 Domine
1327 713 1405 767 Deus
1418 710 1528 781 noster,
1542 712 1576 765 tu
1587 706 1769 766 exaudiebas
1783 722 1833 765 eos
1846 708 1857 731 '
1871 706 1943 775 Deus,

303 814 434 881 audibit,
447 816 475 871 et
487 810 587 868 laetata
600 809 645 865 eet
658 808 750 879 syon,
763 805 793 860 et
805 797 1015 858 exultaberunt
1022 793 1091 852 fili&
1145 800 1177 857 tu
1188 799 1334 874 propitius
1349 798 1427 857 fuisti
1437 796 1504 865 illis,
1518 801 1547 856 et
1554 796 1709 857 vindicans
1718 796 1749 855 in
1757 796 1857 857 omnia
1863 796 1946 855 studia

268 904 352 965 tuda
364 903 377 926 ’
390 904 512 976 propter
521 896 635 956 iudieia
644 898 706 961 tua,
722 889 860 949 Domine.
1145 903 1261 947 eorum.

304 992 452 1061 Quoniam
469 992 502 1047 tu
526 1001 560 1045 es
574 987 653 1045 Deus
672 979 836 1041 altissimus
854 989 944 1049 super
967 986 1092 1032 omnem
1181 974 1314 1036 Exultate
1328 972 1489 1035 Dominum
1498 974 1593 1033 Deum
1600 978 1747 1043 noenum,
1761 976 1791 1032 et
1804 973 1946 1033 maronia

269 1085 379 1140 terram
391 1082 401 1099 ·
414 1076 506 1135 nimis
519 1074 667 1133 exaltatus
679 1085 712 1128 es
730 1081 821 1142 super
834 1077 940 1124 omnes
951 1061 1037 1120 deos.
1144 1071 1248 1123 monte
1261 1068 1365 1125 saneto
1379 1065 1465 1124 eine·
1483 1060 1751 1139 quoniamsanetus
1765 1065 1811 1123 est
1819 1062 1947 1121 Dominus

304 1168 361 1237 uni
378 1164 501 1237 diligitis
528 1162 690 1221 Dominum
704 1157 785 1216 odite
809 1147 1093 1213 malum'eustodit
1145 1151 1223 1211 Deus
1237 1156 1352 1213 noster.

268 1241 1093 1316 nomineeanimasservorumsnorummemanupee·
1512 1240 1601 1300 xcix.

269 1346 377 1407 mpori,
388 1343 527 1403 pbfflbjt
540 1356 601 1400 ρος,
1358 1328 1494 1389 remmus
1508 1328 1539 1386 in
1553 1328 1748 1389 noniessione.

303 1437 369 1493 Lux
381 1436 501 1491 ortaest
515 1429 663 1487 iustis‘et
675 1422 764 1481 rectis
777 1419 866 1479 eorde
877 1417 991 1476 laetitia.
1427 1418 1703 1491 Vocatiopentinm.

305 1520 460 1579 batamini
473 1512 735 1575 iustiiniiomino'
748 1514 778 1569 et
787 1506 1092 1567 eonfiteminimemo-
1181 1512 1257 1568 Ana.
1274 1508 1398 1567 iubilate
1411 1505 1471 1567 lieo
1488 1506 1586 1566 omnis
1601 1510 1680 1565 terra
1697 1506 1706 1526 '
1723 1506 1832 1565 sermio
1840 1502 1949 1564 Domino

268 1609 320 1669 riae
335 1604 501 1668 sanctitatis
512 1605 591 1664 eius.
1146 1597 1177 1655 in
1187 1597 1299 1657 letitia.

271 1681 276 1688 ’
632 1690 732 1749 xcvii.
1109 1690 1132 1753 Β
1182 1686 1332 1745 intratein
1347 1686 1511 1759 conspeetu
1525 1676 1589 1743 eius
1604 1682 1948 1756 inexultatione‘soitote

272 1856 277 1866 ι
549 1777 687 1839 Psaimus
700 1775 807 1835 narie.
1146 1775 1230 1853 quod
1240 1775 1384 1835 Dominus
1399 1776 1517 1850 ipseest
1528 1776 1606 1833 Deus
1626 1773 1690 1849 ipse
1703 1772 1848 1842 ieoitnos‚
1860 1778 1886 1831 et
1900 1786 1950 1831 uon

378 1870 492 1933 t'oootio
502 1869 643 1944 pontiam,
658 1872 687 1925 et
700 1864 816 1925 christi
833 1861 985 1922 aduentus.
1145 1858 1204 1935 ipsi
1216 1876 1282 1920 nos.

303 1967 378 2022 Aua.
392 1964 503 2022 Notum
518 1958 592 2031 feeit
606 1956 750 2014 Dominm
763 1952 898 2012 solatore
916 1965 1012 2022 mum,
1023 1951 1092 2006 ante
1181 1951 1240 2007 Nos
1259 1952 1361 2008 autem
1375 1947 1507 2023 populus
1517 1946 1580 2006 eius
1596 1948 1605 1967 ·
1628 1950 1658 2005 et
1670 1946 1745 2005 obes
1757 1961 1878 2023 pasena
1889 1945 1951 2003 eius.

269 2055 425 2121 conspecta
441 2048 572 2123 nentium
581 2042 724 2104 revelabit
733 2040 876 2100 iustitiam
886 2052 986 2096 emm.
1181 2037 1290 2097 intrate
1305 2043 1408 2112 portae
1422 2038 1485 2095 eius
1498 2036 1530 2094 in
1543 2036 1729 2096 eoniessione
1743 2037 1752 2055 '
1767 2041 1797 2095 et
1812 2036 1883 2095 atria
1898 2034 1949 2092 eius

304 2140 424 2195 cantate
437 2133 565 2193 Domino
578 2131 728 2190 oautieum
736 2128 852 2187 nobum
867 2124 960 2199 ‘quia
971 2122 1092 2183 mirabi-
1145 2126 1176 2185 in
1184 2126 1286 2201 ymnis
1306 2125 1542 2184 contessionem.

267 2224 308 2283 lia
322 2223 390 2283 feeit
401 2222 556 2281 Dominus.
1180 2214 1314 2273 Laudato
1324 2229 1436 2273 nomen
1453 2214 1517 2271 eius
1531 2214 1676 2287 quoniam
1689 2212 1789 2271 suavis
1816 2216 1859 2271 est
1870 2210 1951 2270 Domi·

305 2311 434 2373 salvabit
447 2309 475 2368 ei
485 2306 608 2367 dextere
621 2299 686 2363 eius
702 2301 711 2324 ”
738 2306 768 2362 et
779 2296 939 2361 braebium
951 2303 1091 2360 sanetum
1144 2318 1201 2361 uus
1213 2305 1224 2326 ·
1234 2302 1266 2360 in
1277 2305 1422 2363 aternum
1435 2300 1718 2373 misericordiosius,
1732 2306 1761 2361 et
1771 2301 1901 2377 usquein
1909 2316 1952 2358 sa·

268 2401 342 2460 eius.
1145 2390 1247 2451 oulum
1256 2390 1358 2449 soeouli
1369 2391 1478 2451 veritas
1489 2391 1563 2449 eius.

302 2490 411 2546 Notum
427 2482 495 2544 feeit
509 2480 654 2542 Dominus
668 2480 798 2539 salutare
813 2480 924 2536 suum·
938 2481 1008 2536 ante
1019 2492 1091 2536 eon·
1548 2482 1577 2539 c,

268 2579 407 2650 speetum
418 2572 553 2649 gentium
566 2561 710 2628 revelabit
721 2566 864 2625 iustitiam
879 2580 979 2624 suam.
1432 2564 1571 2627 Psalmus
1592 2567 1686 2627 David

303 2667 414 2722 biemor
425 2661 480 2719 init
493 2656 707 2718 misericordiae
721 2671 783 2713 sua
794 2652 911 2712 taeob'
932 2657 962 2711 et
975 2652 1091 2713 veritati
1216 2654 1326 2716 Ymnns
1340 2654 1394 2731 poi
1402 2658 1565 2716 seeundum
1583 2656 1676 2716 Deum
1685 2656 1841 2729 perfectas
1854 2662 1898 2716 est.

267 2768 330 2811 sum
343 2750 449 2810 domni
462 2748 562 2807 lsrael.
1179 2745 1269 2821 [xum]
1280 2746 1359 2803 Ana.
1384 2745 1422 2803 In
1434 2744 1602 2813 matutinis,
1617 2744 1748 2815 Domine,
1762 2746 1889 2818 interno·
1900 2760 1953 2803 on·

301 2840 442 2899 Viderunt
454 2834 647 2897 omuerflnes
661 2838 745 2893 terre
758 2832 769 2857 ‘
783 2830 915 2890 salutare
924 2829 976 2888 liei
984 2828 1087 2887 nostri.
1143 2834 1197 2893 nio
1209 2841 1333 2906 peccato
1343 2840 1456 2894 nostro.

302 2927 427 2987 iubilate
438 2925 500 2983 Deo
511 2924 654 2983 universa
668 2919 765 2981 terra*
774 2923 892 2979 eantute
908 2917 1086 2987 etexnltate,
1178 2918 1600 2995 Misericordiametiudioium
1610 2922 1955 2998 eantabotibi,1iomine'

265 3021 295 3090 et
305 3016 436 3092 psallite.
622 3089 625 3096 Ι
1106 3011 1283 3098 upsaliam,
1302 3011 1509 3084 etinteilegam
1523 3012 1556 3071 in
1566 3011 1617 3073 ria
1630 3012 1839 3086 immaculata,
1849 3011 1954 3088 quaudo

300 3105 415 3164 mellite
426 3103 488 3162 Deo
501 3105 605 3160 nostro
619 3098 651 3158 in
661 3099 786 3166 eithara,
795 3096 827 3155 in
842 3093 965 3167 cithara,
975 3102 1005 3157 et
1015 3111 1088 3157 vooe
1141 3102 1242 3162 venies
1258 3102 1296 3161 ad
1315 3116 1375 3161 me.

264 3195 374 3271 psalmi
388 3195 397 3215 '
409 3194 441 3251 in
455 3191 534 3251 tubis
555 3186 698 3258 abietum,
714 3192 744 3245 et
762 3202 837 3245 roos
859 3185 935 3244 tune
947 3202 1086 3246 nornen:
1178 3189 1428 3249 perambulabam
1445 3189 1478 3250 iu
1491 3191 1691 3251 innoeentiam
1711 3191 1813 3250 eordis
1839 3190 1912 3251 mei·
1929 3189 1954 3247 in

264 3273 851 3354 iubilatsinconspeeturegisliomino.
1142 3279 1243 3339 modio
1257 3279 1368 3338 domus
1381 3284 1451 3338 tuae,

300 3376 531 3433 commoveatur
537 3371 668 3436 mare,et
679 3365 906 3442 plenitudoeius
919 3365 930 3389 ⁹
944 3364 1089 3426 orbister·
1178 3371 1242 3426 Non
1256 3361 1469 3443 proponebam
1484 3371 1553 3425 ante
1565 3367 1669 3426 oeulos
1689 3384 1773 3428 meos
1787 3374 1873 3428 aotos
1883 3365 1956 3427 maii·

264 3478 379 3530 rerum,
393 3459 567 3527 etuniverei,
582 3456 635 3533 qui
644 3454 782 3514 habitant
795 3454 827 3512 in
841 3469 890 3513 ea.
1141 3455 1750 3532 gnos*iacientesprevarioationosodibi
1759 3463 1787 3518 et
1796 3459 1955 3519 nonadba·

300 3544 747 3622 Fluminaplaudentmanibus
770 3541 954 3616 inidipsum,
969 3547 1088 3601 montes
1141 3545 1178 3604 sit
1187 3545 1262 3604 mibi
1274 3561 1326 3604 oor
1335 3545 1474 3619 prabum.

263 3638 472 3700 exultaberunt
484 3642 554 3697 unte
569 3634 679 3694 faeiem
693 3632 813 3693 Domini
823 3632 969 3708 quoniam
982 3627 1087 3693 venit*
1176 3634 1363 3692 Declinantee
1377 3650 1397 3694 a
1410 3649 1459 3692 me
1482 3633 1631 3708 malignos
1652 3650 1715 3695 non
1738 3631 1954 3711 agnoaoebam‘

263 3727 409 3802 quoniam
426 3723 802 3785 venietiudieareterram.
1140 3725 1346 3784 detrahentem
1367 3723 1510 3784 adversus
1536 3725 1709 3801 proximum
1733 3743 1827 3786 suum
1852 3727 1955 3789 oeenlte

298 3813 445 3873 ludionbit
458 3813 563 3874 orbem
588 3817 674 3873 terre
688 3804 930 3888 inequitate*et
954 3812 1086 3888 populos
1139 3830 1210 3874 eum
1221 3812 1433 3888 persequebar.

261 3903 505 3962 inveritatesua.
1174 3903 1309 3977 Superbo
1322 3901 1420 3971 oeuto,
1440 3907 1468 3960 et
1480 3898 1644 3962 insatiabili
1653 3903 1902 3967 eorde·eumeo
1923 3905 1956 3964 ei·

432 4010 434 4013 ·
622 3985 733 4049 xcviii.
1139 3991 1203 4050 mul
1216 4006 1279 4050 non
1296 3989 1435 4050 edebam.

544 4072 681 4139 Psalmue
695 4075 798 4137 uaria.
1175 4078 1258 4138 oeuli
1275 4079 1337 4138 mei
1352 4078 1392 4138 ad
1403 4077 1507 4136 fideles
1519 4083 1603 4138 terroe
1615 4083 1628 4113 ⁸
1642 4081 1954 4143 utsedeautiimeeum.

498 4169 609 4227 Ymnns
623 4167 711 4238 raoni
729 4156 849 4224 ceriti.
1173 4165 1955 4232 Ambidansinviaimmaoulata'biomibidesorriebat

296 4259 371 4322 ina.
382 4247 528 4318 Dominus
538 4258 571 4316 in
580 4257 659 4328 spon
666 4268 803 4326 mannas,
815 4259 843 4314 et
854 4253 984 4313 moelem
995 4272 1084 4330 snper
1172 4260 1237 4317 Non
1251 4253 1400 4315 habitabit
1417 4257 1449 4314 in
1463 4257 1562 4317 medio
1585 4258 1695 4318 domus
1709 4277 1795 4332 men,
1813 4263 1868 4338 qui
1894 4260 1957 4320 iacit

259 4348 504 4424 omnespoputoe.
1097 4345 1955 4448 nsuperbiam·quiloquituriniqua,nondiroxiineou·

294 4438 440 4497 Dominus
456 4433 595 4509 regnabit
606 4432 775 4492 irascuntur
789 4432 913 4508 populi*
931 4433 984 4509 qui
994 4434 1082 4494 sedes
1137 4437 1240 4509 speetu
1254 4433 1429 4493 ooeuiorum
1443 4451 1585 4496 meorum.

260 4543 351 4604 super
369 4524 529 4595 Cherubin,
543 4521 703 4582 mobeatur
714 4525 803 4581 terra.
1171 4527 1204 4580 iu
1216 4523 1368 4584 matutinis
1382 4522 1598 4586 interficiebam
1605 4541 1711 4586 omues
1721 4533 1899 4603 pensatores
1905 4532 1955 4587 ter·

292 4613 439 4674 Dominus
453 4612 486 4672 iu
499 4613 578 4686 syon
597 4624 728 4685 magnus
740 4613 751 4636 ·
763 4609 897 4670 exeelsus
912 4625 1002 4686 super
1015 4628 1081 4672 om·
1134 4626 1176 4670 ra
1190 4614 1199 4632 ·
1217 4616 1251 4670 ut
1264 4612 1437 4686 disperdam
1451 4613 1489 4672 de
1504 4614 1620 4675 civitate
1632 4616 1751 4676 bomini
1765 4634 1886 4692 omnes,
1908 4614 1955 4692 qui

258 4701 465 4778 nespopulos.
1135 4703 1298 4775 operantur
1311 4699 1511 4776 iniquitatem.

293 4791 613 4852 confiteanturomnes
627 4785 744 4848 nomini
764 4791 816 4846 too
836 4802 958 4861 magno,
978 4791 1008 4847 et
1025 4791 1080 4847 ter·
1523 4795 1568 4852 CI.

256 4881 345 4950 ribili,
361 4881 433 4956 (pria
444 4882 582 4940 sanetum
596 4880 642 4938 est
652 4880 663 4903 '
674 4881 704 4936 et
724 4875 820 4937 bonor
836 4875 916 4950 regis
935 4875 1080 4937 iudieium
1169 4877 1269 4938 Oratio
1277 4880 1429 4955 pauperis,
1440 4895 1511 4939 oum
1520 4881 1658 4941 anxiatus
1664 4882 1956 4960 fueritinoonspeoiu

257 4971 364 5046 diligit.
1258 4967 1377 5027 Domini
1388 4973 1418 5028 et
1430 4967 1537 5029 fuderit
1547 4971 1714 5031 orationem
1728 4989 1825 5033 suam.

296 5063 339 5120 Tu
350 5060 466 5136 parasti
477 5055 652 5133 aequitntem
667 5053 838 5127 'iustitiam
850 5059 879 5114 et
893 5053 1081 5114 iudieiumiu
1174 5053 1433 5131 intentionenr
1444 5061 1577 5132 priorem
1585 5063 1736 5135 poputum,
1754 5069 1782 5122 et
1797 5062 1955 5137 propertio

257 5147 509 5210 iaoobtuieoisti.
1287 5147 1648 5222 novtpopntt,eteocotio
1664 5153 1806 5225 pontium.

292 5237 423 5296 Exultate
441 5235 603 5294 Dominum
620 5232 717 5293 neum
737 5234 896 5292 nostrum‘
911 5236 941 5292 et
957 5233 1080 5294 adorata
1169 5237 1245 5297 Ana.
1275 5235 1313 5296 In
1332 5253 1515 5314 quocumque
1534 5240 1584 5299 die
1601 5242 1776 5304 invocabero
1790 5249 1826 5316 te,
1850 5243 1956 5304 semei·

256 5327 422 5388 scabeilum
435 5322 638 5400 pedumeius,
657 5321 1008 5395 quoniamaanotueest.
1135 5325 1308 5385 menende·
1319 5343 1375 5400 me,
1390 5327 1509 5388 Domine
1522 5328 1697 5390 venemens.
1779 5353 1783 5362 ’

292 5409 1081 5492 iioyses,etAarouinsaoer-dotibureius'atSamuel
1170 5414 1305 5490 Domine,
1333 5417 1441 5476 exaudi
1468 5419 1631 5480 orabonem
1652 5423 1770 5482 meau'
1793 5426 1820 5480 ei
1840 5421 1957 5480 clamor

166 5543 169 5546 -
259 5499 749 5577 intereos,qnitnroeantuomen
766 5501 844 5561 eins.
1132 5504 1496 5580 meuradteperraniat.
