4117 6175
231 234 284 293 ae
867 204 1306 273 neavnmuucornrcun.
1880 205 1933 263 nt

230 372 296 417 ram
306 351 469 419 nonbibet,
479 335 1052 414 nullcmscaturimmundoeetquodei
1071 334 1095 390 A
1109 325 1645 408 hominiquletedluliersiprimatum
1652 322 1775 393 hebeat,
1785 328 1936 389 contraria

229 440 498 521 praeepi,impleat
505 444 594 511 atque
601 432 893 505 custodiatDixitque
899 430 1005 487 Menue
1013 423 1054 482 ad
1108 427 1154 480 ast
1167 424 1231 481 viro
1242 439 1305 481 suo.
1323 425 1379 481 Gor
1392 419 1516 485 humile,
1532 420 1560 473 et
1573 413 1665 472 lacios
1679 413 1783 481 tristis,
1798 420 1828 473 et
1842 416 1935 491 plaga

230 532 377 605 Angelum
385 514 1052 595 Domini:Obsecroteutaequiescasprecibus
1108 512 1220 579 mortis,
1235 510 1340 569 mulier
1364 523 1505 583 nequam.
1523 506 1627 561 uanus
1646 501 1771 577 debiles,
1793 508 1822 561 et
1836 521 1936 577 genua

230 622 316 689 meis,
328 618 503 688 atlaciemus
514 611 733 672 tibihaednmde
747 610 863 683 capris:
873 607 1054 681 quirespon-
1107 599 1263 667 dissolute,
1274 599 1463 671 mulierque
1470 610 1532 653 nnn
1538 590 1791 650 beatificatvirum
1797 597 1936 652 suumAt

231 710 274 767 dit
286 706 415 780 Angelus
424 704 541 763 Domini
558 720 564 756 :
579 703 608 761 si
623 716 672 758 me
687 699 780 771 cogis,
804 713 866 755 non
895 692 1053 752 comedam
1107 684 1474 746 muliereinitiumleetum
1484 676 1664 755 estpecceti,
1678 685 1767 754 etper
1779 680 1935 740 illamam-

230 813 324 871 panes
338 802 406 853 tuoe
417 811 424 850 ε
437 795 461 849 si
470 796 570 851 autem
584 790 628 845 vis
637 787 849 846 holocaustum
864 784 970 849 lacere,
979 778 1053 837 offer
1106 792 1160 834 nes
1172 776 1328 833 morimur.
1340 774 1441 832 Mulier
1450 772 1534 830 fortis
1544 768 1673 828 oblectat
1683 769 1783 827 virum
1793 786 1893 838 suum,
1907 774 1936 829 et

230 884 380 941 illudDeo.
396 884 431 937 Et
439 880 592 937 nesciebat
603 879 708 935 Denuo
716 872 801 949 quod
814 870 943 943 Angelus
955 867 1053 925 Demi·
1107 880 1203 925 annos
1217 864 1284 923 vite
1294 862 1375 921 illius
1390 880 1419 919 rn
1435 875 1510 936 paee
1524 857 1669 932 implebit.
1687 869 1721 930 p.
1736 858 1842 917 Amen.

230 972 261 1030 ni
271 978 357 1029 esset.
366 966 623 1041 Dixitqueedeum
640 981 647 1019 :
664 962 750 1031 Quod
768 959 874 1019 esttibi
887 962 1051 1027 nomen,ut,
1255 953 1350 1010 Lectio
1363 951 1435 1009 libri
1449 949 1589 1007 tadicum
1605 946 1691 1019 (Cap.
1704 952 1778 1016 xiv.)

230 1060 255 1117 si
268 1072 366 1115 sermo
380 1061 450 1112 tuus
462 1054 550 1111 fuerit
576 1050 721 1125 expletus,
755 1046 982 1107 honorificemus
1000 1043 1053 1100 tel
1111 1082 1115 1087 -
1143 1052 1175 1114 tp.
1192 1043 1252 1099 Deo
1266 1040 1387 1113 gratias.

231 1147 282 1203 Cui
293 1145 340 1201 ille
356 1141 528 1215 respondit:
545 1144 658 1197 Nomen
673 1153 776 1195 meum
785 1143 830 1195 est
848 1132 1054 1193 mirabilem·
1144 1128 1242 1188 lnillls
1252 1125 1538 1186 diebus:Descendit
1549 1126 1676 1185 samson
1686 1124 1931 1183 taruannense:

230 1232 371 1306 lititaque
384 1234 488 1289 llenue
501 1227 625 1287 haedum
636 1226 675 1285 de
686 1226 794 1299 capris,
805 1224 1015 1289 etlibemente,
1026 1225 1055 1277 et
1107 1217 1270 1291 vidensque
1293 1215 1352 1274 illie
1372 1212 1586 1275 mutaremus
1606 1212 1727 1269 filiabus
1743 1210 1934 1277 Philiethiim,

230 1320 330 1393 posuit
338 1334 429 1393 super
441 1316 697 1391 petram‚oilerens
707 1313 845 1381 Domino,
860 1312 915 1384 qui
925 1306 1055 1367 leeitmi·
1108 1306 1250 1373 escendit,
1267 1311 1296 1363 et
1312 1304 1460 1363 nuntiarit
1477 1302 1554 1377 patri
1569 1316 1637 1369 suo,
1657 1305 1687 1358 et
1698 1302 1796 1368 matri,
1810 1301 1934 1359 dicens:

173 1458 178 1466 .
230 1408 337 1477 rabilia
352 1408 436 1479 :ipse
449 1413 550 1463 eutem
563 1402 745 1474 etuxorejns
755 1399 954 1458 intuebantur.
966 1397 1054 1455 Cum·
1108 1394 1172 1451 Vidi
1185 1392 1341 1451 mulierem
1355 1392 1387 1449 in
1400 1390 1591 1450 Thamnatlra
1603 1388 1640 1447 de
1654 1388 1773 1446 llliebus
1787 1388 1936 1446 Philistbi·

230 1512 290 1571 qne
304 1494 479 1554 ascenderet
489 1493 614 1551 flamme
628 1490 730 1549 attaris
741 1489 772 1545 in
787 1488 906 1560 eaelum,
921 1486 1054 1557 Angelus
1108 1498 1237 1541 norum:
1258 1498 1351 1556 quam
1365 1494 1469 1553 quasso
1490 1482 1523 1537 ut
1541 1476 1614 1535 mihi
1630 1476 1782 1550 accipiatis
1798 1492 1935 1535 uxorem.

229 1584 343 1641 Domini
351 1581 632 1657 pariterinliamme
641 1572 1055 1644 aseenditouodcumridis-
1109 1570 1162 1629 Cui
1184 1569 1323 1628 dixerunt
1336 1573 1421 1643 pater
1438 1572 1466 1625 et
1479 1570 1575 1625 meter
1601 1582 1676 1624 sue:
1699 1564 1849 1638 Numquid
1871 1580 1938 1622 non

230 1679 295 1730 sent
301 1674 405 1729 Denuo
411 1675 440 1727 et
446 1684 522 1726 uxor
530 1666 699 1740 ejus,proni
714 1664 884 1723 ceciderunt
894 1664 1053 1729 interram,
1072 1680 1095 1739 Β
1109 1662 1153 1718 est
1166 1658 1273 1717 mulier
1284 1658 1322 1716 de
1340 1656 1462 1715 filiabus
1477 1655 1603 1713 fratrum
1617 1658 1746 1721 tuorum,
1762 1657 1792 1710 et
1804 1653 1836 1711 in
1849 1652 1938 1710 omni

229 1760 343 1817 atultre
354 1773 418 1829 non
429 1758 472 1815 eis
485 1755 623 1830 apparuit
639 1753 769 1825 Angelus
782 1751 912 1810 Domini.
937 1750 1054 1809 Statim·
1109 1748 1225 1821 populo
1238 1762 1317 1817 meo,
1331 1747 1404 1820 quia
1423 1744 1466 1802 vis
1491 1743 1625 1817 accipere
1639 1757 1764 1801 uxorem
1779 1742 1816 1799 de
1831 1740 1937 1799 Philis-

229 1864 290 1922 que
307 1846 449 1905 intellexit
457 1849 562 1904 lleuue
576 1842 723 1915 Angelum
735 1856 804 1899 esse
823 1838 951 1909 Domini,
964 1842 995 1895 et
1004 1837 1054 1909 di·
1109 1835 1206 1901 thiim,
1216 1836 1268 1911 qui
1280 1832 1479 1892 incircumcisi
1499 1832 1592 1891 sunt?
1605 1830 1741 1905 Dixitque
1754 1832 1882 1889 Samson
1895 1830 1937 1889 ed

229 1937 272 1993 xit
290 1934 331 1993 ad
342 1949 468 1992 uxorem
485 1950 569 1990 suam
580 1949 588 1987 :
599 1935 689 1990 llorte
709 1929 884 1996 moriamur,
898 1928 971 2002 quia
987 1925 1056 1981 vidi·
1108 1929 1225 1999 patrem
1239 1938 1328 1980 suum
1344 1920 1552 1994 :Hanceccipe
1563 1920 1634 1978 mibi
1646 1937 1653 1977 :
1665 1918 1935 1994 quiaplacuitocu-

230 2039 299 2091 mua
311 2026 415 2079 Deum.
427 2020 479 2079 cui
492 2019 762 2092 responditmulicr
778 2037 785 2077 :
799 2018 827 2076 Si
840 2015 984 2073 Dominus
998 2029 1054 2071 nos
1109 2013 1146 2074 lis
1162 2013 1251 2071 meis.
1266 2014 1404 2070 Parentes
1416 2014 1516 2069 autem
1531 2008 1597 2082 ejne
1608 2008 1784 2067 nesciebant
1793 2007 1874 2082 quod
1887 2022 1936 2065 res

229 2111 317 2169 vellet
330 2109 474 2177 occidere,
489 2108 528 2166 de
550 2107 692 2165 manibus
713 2105 824 2164 nostris
845 2103 1055 2162 holocaustum
1109 2118 1128 2160 e
1145 2100 1271 2160 Domino
1281 2099 1374 2171 lieret,
1390 2103 1418 2157 et
1427 2097 1752 2172 quaereretoccesienes
1760 2102 1863 2155 contra
1870 2096 1937 2154 Phi·

229 2197 498 2256 etlibementenon
523 2195 713 2267 suscepisset,
735 2208 790 2250 nee
807 2189 985 2249 ostendisset
1002 2206 1056 2249 no
1108 2189 1242 2263 listbiim,
1257 2187 1310 2263 qui
1323 2187 1518 2245 dominentur
1533 2185 1635 2245 lsrael.
1656 2184 1813 2244 Descendit
1835 2185 1938 2259 itaque

229 2287 277 2344 bis
289 2284 354 2343 hec
364 2284 477 2355 omnia,
493 2297 591 2356 neque
602 2297 639 2339 ea
654 2298 725 2356 quoe
741 2287 810 2339 sunt
825 2287 952 2337 ventura
965 2279 1055 2336 dixis·
1099 2264 1236 2336 'Samson
1250 2280 1420 2349 compatre
1434 2290 1500 2345 suo,
1521 2279 1550 2332 et
1562 2280 1658 2333 matre
1686 2274 1719 2331 in
1740 2271 1937 2332 Thamnetba.

230 2381 282 2446 aet.
300 2374 414 2447 Peperit
443 2372 544 2446 itaque
564 2369 660 2428 filium
672 2376 701 2427 et
725 2370 843 2428 vocavit
860 2383 972 2427 nomen
989 2370 1054 2441 ejus
1109 2368 1240 2439 Cumque
1248 2362 1557 2423 venissentadvinees
1565 2363 1670 2437 oppidi
1679 2361 1939 2437 apparuitcetulus

229 2462 361 2520 Samson·
376 2460 531 2534 Creuitque
542 2474 627 2533 puer,
642 2464 670 2517 et
687 2457 840 2517 benedixit
848 2457 875 2513 ei
897 2457 1054 2525 Dominus,
1109 2454 1205 2513 leonis
1220 2470 1328 2521 savus,
1345 2452 1478 2524 rugiens,
1497 2457 1525 2510 et
1538 2451 1668 2510 occubit
1682 2452 1718 2509 ei.
1738 2450 1825 2509 lrruit
1836 2454 1939 2507 autem

230 2551 384 2624 Coepitque
398 2548 524 2623 Spiritus
536 2547 654 2605 Domini
672 2562 740 2604 esse
753 2562 823 2603 cum
842 2561 888 2603 eo.
898 2544 932 2607 l.
1110 2543 1234 2617 Spiritus
1244 2542 1363 2602 Domini
1375 2542 1406 2599 in
1423 2545 1558 2608 Samson,
1573 2546 1602 2599 et
1623 2540 1794 2599 dilaceravit
1805 2538 1936 2604 leonem,

263 2639 414 2709 Hymnus.
429 2638 545 2693 AEterne
559 2634 635 2693 lucis
661 2633 806 2692 conditor.
832 2634 889 2705 [ol.
904 2636 965 2690 llo.
1108 2632 1195 2707 quasi
1208 2630 1331 2689 haedum
1346 2630 1377 2688 in
1390 2630 1501 2688 frustra
1515 2635 1715 2703 concerperet,
1723 2628 1797 2685 nibil
1810 2627 1936 2685 omnino

265 2718 1055 2797 Capitate.Paretumcornostrum,Domine,eoquod
1107 2718 1223 2779 hebens
1243 2720 1274 2777 in
1298 2734 1414 2777 manu:
1441 2722 1469 2777 et
1495 2718 1553 2777 hoc
1581 2718 1657 2792 patri
1671 2716 1766 2775 noluit
1791 2716 1934 2775 indicere.

227 2813 356 2888 placeris
366 2827 501 2879 munere,
510 2810 648 2884 comple,·
660 2810 902 2882 uttecognitione
914 2810 976 2867 veri
990 2809 1055 2866 lau·
1111 2807 1338 2882 Descenditque,
1349 2812 1378 2864 et
1391 2806 1508 2865 locutus
1517 2806 1696 2873 estmulieri,
1707 2821 1774 2879 quae
1780 2804 1935 2879 placuerat

227 2901 377 2969 demus,et
383 2900 572 2959 reformatiin
580 2898 686 2957 melius
698 2899 785 2957 intuo
793 2898 908 2958 bonore
914 2898 1054 2971 tatemup
1108 2896 1203 2955 oculis
1217 2897 1292 2970 ejus.
1306 2896 1355 2953 Est
1365 2900 1433 2971 post
1449 2894 1566 2970 aliquos
1579 2896 1644 2953 dies
1657 2898 1805 2953 revertens
1821 2894 1934 2952 utacci-

262 2988 350 3045 Pater
360 2992 471 3056 noster.
1072 3026 1093 3083 C
1108 2990 1192 3060 peret
1203 3002 1282 3052 eant,
1299 2984 1458 3043 declinavit
1468 2989 1500 3042 ut
1511 2984 1622 3041 videret
1635 2982 1764 3041 cadaver
1777 2982 1882 3051 leonis,
1903 2986 1934 3040 et

261 3076 378 3134 Lauda
387 3073 554 3132 Bonitetem
567 3072 661 3131 iecisti
671 3090 741 3132 cnm
753 3090 840 3134 aereo
851 3078 902 3134 tuo
915 3076 1050 3134 Domine.
1110 3090 1178 3132 ecce
1193 3089 1319 3134 examen
1331 3091 1424 3149 apum
1439 3072 1470 3131 in
1483 3090 1535 3132 ore
1548 3072 1643 3132 leonis
1652 3070 1849 3132 erateclevus
1857 3070 1933 3130 mel-

227 3164 260 3219 P.
274 3162 445 3222 Secundum
454 3160 581 3219 verbum
594 3161 804 3222 tuumvividce
815 3163 914 3226 mel.
929 3164 1052 3223 Bonita·
1108 3163 1157 3221 lis.
1172 3166 1267 3231 Quem
1277 3179 1348 3221 cum
1365 3163 1543 3237 sumpsisset
1552 3162 1583 3220 in
1593 3162 1744 3236 manibus,
1756 3160 1934 3222 comedebat

226 3254 295 3320 tem
316 3257 345 3310 et
369 3249 570 3324 disciplinam,
583 3254 613 3308 et
624 3250 780 3308 scientiam
803 3250 878 3309 doce
892 3267 941 3310 me
954 3253 1053 3326 :lqtila
1107 3252 1200 3310 invia
1218 3269 1226 3308 :
1246 3251 1430 3325 veniensque
1455 3250 1495 3308 ed
1508 3256 1624 3323 patrem
1639 3266 1729 3308 suum
1750 3254 1779 3309 et
1791 3255 1930 3316 matrem,

225 3339 377 3398 mandatis
388 3339 447 3398 tuis
454 3338 577 3397 credidi.
593 3338 624 3395 P.
637 3339 820 3398 Secundum.
837 3338 876 3411 p,
887 3339 996 3410 Gloria,
1023 3345 1053 3400 at
1106 3340 1186 3398 dedit
1198 3340 1240 3399 eis
1251 3345 1368 3415 partem
1376 3340 1428 3414 qui
1434 3344 1462 3398 et
1469 3339 1527 3412 ipsi
1535 3339 1729 3397 comederunt
1742 3356 1749 3396 :
1761 3354 1816 3397 neo
1828 3345 1932 3396 minen

224 3428 322 3488 bonor
334 3429 422 3489 Patri.
436 3428 467 3486 P.
481 3427 654 3486 Secundum
663 3427 802 3486 verbum.
1106 3431 1148 3488 eis
1160 3429 1251 3488 voluit
1264 3429 1397 3488 indicare
1411 3428 1496 3502 quod
1506 3428 1566 3485 mel
1581 3428 1618 3486 de
1633 3443 1755 3502 corpore
1772 3427 1866 3486 leonis
1881 3443 1932 3486 as-

230 3567 234 3572 ,
261 3516 1051 3591 Oratio.Bonitetemetdisciptiuametscientiamdoee
1106 3515 1930 3592 sumpseratDescendititaquepeterejusadmutierem,

224 3605 435 3664 noeDomine:
451 3610 485 3662 ut
505 3622 562 3665 nec
575 3605 690 3665 malitia
702 3621 842 3680 asperos;
853 3621 909 3664 nec
935 3606 1051 3666 desidie
1105 3604 1932 3677 ettecitfiliosuosamsonconvivium.Sicenimjuvenes

224 3692 365 3751 remissos
374 3709 451 3765 ,auec
463 3695 587 3754 stultitia
605 3694 712 3754 reddet
724 3696 860 3768 ignaros.
875 3707 913 3769 g.
943 3701 1048 3757 Amen.
1104 3695 1200 3753 iecere
1212 3699 1438 3754 consueverant.
1456 3697 1530 3753 Cum
1541 3710 1612 3766 ergo
1625 3694 1705 3751 cives
1715 3692 1772 3751 loci
1786 3693 1933 3751 vidissent

260 3781 315 3838 Per
329 3781 567 3844 misericordiam
584 3786 678 3851 tuem,
698 3787 786 3842 Deus.
1103 3784 1197 3852 illum,
1211 3784 1357 3842 dederunt
1371 3783 1399 3842 ei
1414 3782 1543 3855 sodales,
1562 3783 1616 3858 qui
1632 3790 1730 3842 essent
1747 3799 1816 3840 cum
1825 3798 1862 3840 eo
1875 3782 1932 3840 tri-

260 3869 404 3927 Dominus
411 3869 449 3927 sit
457 3885 577 3944 semper
584 3872 748 3930 vobiscum.
760 3884 793 3946 lp.
805 3875 837 3932 Et
849 3889 928 3932 eum.
1104 3874 1196 3946 ginta.
1208 3872 1322 3940 Quibus
1330 3872 1447 3930 locutus
1456 3873 1636 3930 eatSamson
1647 3870 1930 3946 :Proponemvobis

522 3958 573 4016 Ad
588 3960 726 4018 Tertiam.
1102 3963 1261 4037 problema
1274 3962 1374 4037 :quod
1389 3962 1414 4020 si
1425 3961 1570 4020 solveritis
1577 3961 1650 4018 mihi
1662 3961 1739 4020 intra
1745 3963 1857 4035 septem
1863 3959 1931 4018 dies

232 4098 239 4112 ,
351 4047 551 4106 ecclesiastici
570 4046 728 4107 momente
743 4051 824 4123 (cap.
839 4051 923 4124 xxv).
1103 4051 1238 4120 convivii,
1255 4049 1333 4109 dubo
1345 4049 1431 4108 vobis
1445 4049 1566 4121 triginta
1580 4048 1732 4118 sindones,
1754 4053 1790 4106 ct
1804 4048 1932 4107 totidem

231 4177 235 4184 ·
259 4148 291 4209 e·
304 4138 365 4195 ⁰⁰⁰
380 4136 503 4208 Sitifim·
1101 4141 1219 4200 tunicas
1238 4139 1302 4198 :ein
1315 4143 1416 4198 eutem
1427 4153 1482 4197 vos
1496 4153 1559 4196 non
1573 4139 1729 4213 potueritis
1735 4137 1858 4206 solvere,
1872 4153 1932 4196 vos

258 4225 320 4297 Pili,
334 4226 433 4284 omnis
446 4226 547 4299 plage,
572 4225 800 4286 tristitiacordis
821 4231 884 4287 cst:
905 4231 934 4288 et
945 4229 1045 4288 omnis
1101 4229 1212 4288 dabitis
1222 4229 1295 4287 mihi
1305 4228 1427 4299 triginta
1437 4227 1590 4299 sindones,
1606 4227 1803 4302 ejusdemque
1819 4227 1932 4286 nuneri
2052 4215 2053 4258 t

220 4312 479 4388 melitianequttia
487 4315 630 4373 mulieris.
645 4316 973 4390 litomnemplagam,et
983 4333 1046 4377 non
1101 4318 1228 4376 tunicae.
1243 4317 1298 4384 Oui
1314 4316 1534 4390 responderunt
1544 4317 1570 4373 ei
1584 4331 1591 4372 ε
1607 4319 1744 4389 Propone
1758 4315 1930 4390 problema,

219 4401 342 4476 plegem
349 4403 462 4462 videbit
470 4405 570 4463 cordis
581 4409 627 4462 :et
634 4420 758 4462 omnem
767 4405 974 4478 nequitiam,el
983 4423 1046 4466 non
1062 4381 1086 4437 D
1102 4410 1133 4462 ut
1147 4404 1320 4462 audiamus.
1353 4403 1488 4478 Dixitque
1508 4404 1550 4462 eis
1565 4421 1572 4460 ε
1586 4406 1627 4461 De
1650 4405 1824 4462 comedente
1837 4403 1933 4462 exivit

219 4491 384 4566 nequitiem
399 4493 531 4552 mulieris
547 4512 558 4566 3
573 4497 738 4551 etomuem
751 4491 928 4561 obductum,
943 4499 1046 4553 etnon
1100 4494 1195 4560 cibus,
1207 4499 1235 4551 et
1243 4493 1281 4551 de
1290 4493 1482 4568 lortiegressa
1497 4499 1541 4552 est
1552 4493 1680 4552 dulcedo
1693 4498 1933 4568 :necpotuerunt

219 4581 385 4644 obductum
394 4582 559 4642 odientium
574 4586 623 4643 :et
636 4581 941 4656 omnemvindictem,
950 4589 1047 4643 etnen
1100 4599 1153 4658 per
1161 4588 1218 4641 tres
1228 4582 1292 4640 dies
1300 4582 1536 4657 propositionem
1544 4581 1802 4658 solvere-Cumque
1809 4582 1932 4641 adesset

218 4670 1046 4746 vindictaminimicorum.tlonesteeputnequiuseuper
1100 4670 1827 4747 diesseptimus,dixerunteduxoremSamsonis:
1841 4671 1931 4730 Blan-

218 4765 309 4830 caput
322 4758 439 4817 colubri
458 4763 508 4822 :et
521 4775 584 4817 nou
607 4759 705 4819 estire
717 4774 808 4832 super
823 4759 901 4816 iram
923 4760 1044 4820 inimici.
1100 4763 1163 4822 dire
1175 4762 1240 4821 viro
1255 4766 1316 4828 tuo,
1330 4766 1359 4820 et
1369 4762 1461 4820 suade
1474 4761 1511 4832 ei,
1527 4767 1559 4819 ut
1569 4761 1680 4819 indicet
1688 4761 1741 4820 tibi
1751 4759 1826 4835 quid
1832 4760 1931 4832 signi·
2050 4751 2051 4774 ¹

218 4845 404 4906 commereri
420 4846 1046 4923 leonietdraconiplacebitquemhebitare
1099 4849 1329 4925 licetproblema
1341 4867 1348 4908 :
1358 4849 1933 4925 quodsilecerenolueris,incendimus

217 4947 288 4989 cnm
299 4935 424 4993 muliere
437 4951 582 5010 nequem.
599 4936 736 5012 Nequitia
754 4936 887 4994 mulieris
905 4938 1046 4998 immutat
1099 4947 1138 5012 te,
1153 4943 1182 4998 et
1196 4940 1323 4998 domum
1333 4939 1427 5014 patris
1436 4941 1494 4998 tui:
1509 4954 1549 4998 en
1558 4938 1669 4997 ideirco
1680 4938 1804 4997 vocastis
1817 4953 1871 4996 nos
1884 4937 1933 4996 ad

216 5019 324 5078 taciem
338 5022 421 5095 ejus,
435 5029 466 5082 et
478 5026 988 5099 obcecatrultumsuumtanquam
997 5043 1046 5084 ur-
1099 5028 1220 5103 nupties
1229 5032 1260 5086 ut
1268 5028 1435 5103 spoliaretis
1447 5029 1462 5087 i
1472 5030 1544 5096 Quae
1555 5026 1700 5086 fundebat
1709 5028 1933 5104 apudsemson

216 5125 269 5166 sus
279 5111 413 5185 :etquesi
424 5114 1045 5187 saccumostenditlnmediopreximorum
1098 5117 1282 5191 lachrymas,
1294 5123 1323 5176 et
1336 5118 1517 5192 querebatur
1529 5117 1646 5175 dicens:
1664 5115 1732 5174 Odis
1749 5133 1807 5184 me,
1822 5119 1851 5172 et
1862 5130 1932 5176 non

218 5198 307 5272 243
324 5199 524 5271 ingemuitrir
533 5203 773 5276 ejus,etaudiens
786 5203 1044 5276 suspiravitmodi·
1100 5206 1200 5280 diligis
1213 5224 1219 5263 :
1230 5207 1340 5265 idcirco
1346 5207 1512 5281 problema,
1519 5205 1603 5280 quod
1611 5205 1867 5280 proposuistillliis
1873 5220 1932 5278 po·

215 5303 296 5346 cum.
312 5289 410 5347 Brevis
420 5291 521 5348 omnis
529 5291 644 5350 malitie
651 5308 739 5366 super
746 5291 892 5352 malitiam
901 5293 1043 5359 mulieris,
1099 5293 1162 5368 puli
1175 5295 1303 5353 meinon
1318 5296 1362 5352 vis
1373 5294 1447 5352 mihi
1461 5309 1623 5368 exponere.
1639 5296 1675 5352 At
1687 5294 1734 5352 iile
1748 5292 1907 5366 respondit
1922 5311 1931 5350 :

217 5390 282 5434 sors
292 5383 487 5452 peccatorum
495 5378 585 5438 cadat
596 5378 787 5451 superillam.
808 5380 1044 5440 Sicutescensus
1101 5381 1179 5439 Patri
1192 5397 1262 5440 meo
1277 5386 1305 5440 et
1319 5381 1408 5441 matri
1421 5381 1505 5440 nolui
1532 5381 1651 5440 dicere:
1666 5387 1696 5440 et
1714 5381 1767 5440 tibi
1792 5381 1932 5440 indicare

214 5475 360 5526 araneam
373 5467 542 5542 inpedibns
566 5467 708 5537 veteram,
735 5467 897 5529 sicmulier
906 5469 1041 5544 linguata
1100 5467 1226 5544 potero?
1245 5471 1363 5546 Septem
1377 5470 1467 5544 igitur
1478 5469 1585 5530 diebus
1594 5469 1722 5531 convivii
1736 5469 1829 5532 Debet
1842 5471 1933 5543 apud
