4117 6175
236 270 289 328 ,33
859 248 1090 310 enarrantur
1113 245 1311 312 corniculi.
1661 268 1663 273 ·
1890 257 1940 317 ror
2045 218 2046 231 '

270 385 497 462 smaragdum,
509 380 592 457 quod
602 379 715 454 juverit
730 376 930 438 adlbrebam
943 377 1062 449 patrem
1077 373 1098 429 t
1115 374 1243 449 primus,
1257 374 1475 435 elnovissimus
1487 389 1558 447 :ego
1568 390 1638 433 sum
1645 374 1742 446 radix,
1751 380 1779 435 et
1790 378 1875 449 origo
1884 381 1944 440 Da-

235 484 382 544 nootrum,
395 478 409 507 ⁴¹
426 474 568 531 daturum
580 484 612 527 se
626 468 715 526 nobis
730 486 737 525 :
1115 462 1167 520 vid
1180 478 1253 535 :ego
1262 481 1330 524 sum
1340 464 1601 537 stellasplendida,
1612 464 1801 523 elmatulina.
1810 466 1942 528 Alleluia.

273 570 309 625 Ut
318 567 382 623 sine
392 563 506 627 timore,
518 559 555 616 de
563 572 656 616 manu
664 554 856 614 inimicorum
867 554 1063 613 nostrorum*
1151 554 1267 612 Laudo.
1288 555 1418 613 laudate
1443 554 1606 611 Dominum
1626 553 1664 610 de
1684 552 1780 611 Caelis.
1805 554 1940 615 Alleluia.

236 654 362 719 liberati,
378 650 543 707 serviamus
555 646 596 703 illi
610 664 618 714 ;
1118 642 1249 700 laudate
1262 658 1332 700 eum
1341 644 1372 701 in
1382 642 1518 702 excelsis.
1531 641 1664 712 Alleluia,
1674 640 1802 700 allelula.
1811 644 1944 704 Laudato

272 748 305 800 ln
315 738 469 799 sanctitate
479 735 733 809 etiustitiacoram
740 734 819 809 ipso,
831 731 993 791 *omnibus
1002 728 1064 789 die-
1117 745 1187 788 eum
1198 732 1415 803 omnesongeli
1425 732 1489 805 eius
1505 731 1722 790 :laudatorum
1735 734 1944 791 omuesvirlu·

235 831 294 889 bu,
304 827 424 888 nostris,
1117 822 1161 876 tes
1175 819 1252 892 ejus.
1261 819 1395 888 Alleluia,
1407 820 1535 892 alleluia,
1546 819 1675 879 alleluia.
1687 822 1822 879 eruimus
1831 837 1944 881 uranu.

270 922 303 976 Et
317 925 349 975 tu
368 930 451 989 puer,
473 913 619 989 propheta
628 911 771 969 altissimi
781 910 938 969 vocaberis
954 928 961 967 :
978 910 1064 983 *90
1203 910 1303 967 Lectio
1316 910 1388 967 libri
1400 910 1500 969 lisoio
1510 909 1665 980 Propterea
1678 910 1765 983 (dep.
1781 912 1854 984 rur).

234 1006 357 1083 praeibis
366 1005 448 1061 enim
458 1008 527 1060 ante
535 1002 645 1059 taciem
653 1000 772 1059 Domini
778 1015 886 1073 parare
895 1000 962 1057 vias
974 1000 1040 1070 ejus
1054 1015 1063 1054 t
1153 1006 1187 1065 lt.
1200 998 1260 1054 Deo
1277 998 1402 1068 gratias.

271 1094 315 1152 Ad
329 1089 466 1151 dandam
480 1090 635 1147 scientiam
648 1088 752 1146 salutis
767 1087 848 1163 plebi
862 1088 937 1160 ejus,
953 1088 1007 1145 'in
1021 1100 1066 1143 re·
1156 1086 1222 1141 llaec
1233 1084 1305 1142 dicit
1313 1086 1457 1143 Dominus
1469 1102 1475 1141 :
1487 1084 1585 1143 babor
1599 1087 1728 1161 AEgypti,
1744 1089 1773 1145 et
1784 1087 1947 1160 negotiatio

236 1182 413 1241 missionem
428 1184 621 1253 peccatorum
637 1194 742 1235 eorum
761 1194 768 1234 ι
1120 1171 1284 1245 AEtbiopice,
1295 1178 1323 1231 et
1333 1173 1455 1232 sabaim
1465 1172 1717 1233 virisublimeead
1726 1176 1946 1243 astronomum,

272 1276 326 1329 Per
337 1271 450 1327 viscera
464 1267 676 1325 misericordiae
689 1268 739 1323 [tei
752 1268 848 1324 nostri
864 1268 895 1322 :¹
910 1265 1066 1340 inquibus
1120 1263 1148 1317 al
1160 1260 1202 1317 tul
1217 1266 1304 1319 erunt
1319 1279 1325 1320 :
1346 1262 1414 1321 Post
1434 1268 1462 1319 te
1474 1262 1684 1332 ambulabunt,
1709 1264 1800 1322 vincti
1821 1265 1950 1323 manicis

236 1359 443 1422 visitavjtnos,
462 1356 610 1412 orionsox
624 1354 684 1410 olto
1119 1354 1245 1421 pergent
1264 1366 1271 1407 r
1291 1356 1320 1407 el
1341 1355 1369 1407 te
1400 1351 1579 1419 adorabunt,
1620 1356 1709 1425 teque
1744 1352 1951 1427 deprecabun-

273 1446 444 1503 llluminare
456 1442 514 1509 bis,
528 1442 579 1514 qui
594 1442 625 1497 in
638 1440 779 1505 tenebris,
795 1444 823 1496 el
838 1439 947 1497 umbra
960 1442 1065 1497 mortis
1121 1440 1168 1493 tur
1188 1454 1195 1494 ε
1215 1440 1342 1495 Tantum
1356 1440 1386 1494 in
1397 1443 1424 1494 te
1439 1443 1485 1494 est
1496 1439 1583 1508 Deus,
1600 1444 1628 1496 et
1642 1454 1703 1497 non
1718 1444 1763 1497 est
1777 1440 1894 1515 absque
1923 1447 1952 1500 te

237 1535 362 1590 sedent:
380 1530 419 1587 ad
429 1528 603 1600 dirigendos
613 1528 872 1601 pedesnostrosin
882 1529 962 1585 viam
971 1530 1064 1602 pacis.
1120 1524 1206 1581 Deus.
1220 1528 1291 1583 Vere
1302 1530 1333 1582 tu
1348 1541 1379 1581 es
1391 1526 1468 1581 Deus
1483 1525 1687 1597 absconditus,
1697 1528 1872 1587 Deuslsrael
1887 1531 1953 1588 Sal-

273 1618 461 1691 Autipbonu.
483 1616 659 1674 Benedictus
681 1632 714 1672 es
737 1616 860 1674 bomine
872 1616 952 1674 Deus
965 1618 1065 1677 lsrael.
1120 1618 1213 1670 valor.
1230 1612 1351 1670 contusi
1367 1618 1444 1685 sunl,
1471 1618 1499 1671 et
1513 1614 1698 1672 erubueruut
1719 1631 1826 1675 omnes
1839 1618 1954 1677 :simul

237 1707 347 1776 Gloria,
369 1712 399 1763 et
419 1706 526 1772 honor,
538 1710 593 1761 etc.
607 1704 641 1761 P.
656 1705 731 1772 Quia
741 1702 872 1762 visitavit
879 1720 945 1763 nos.
1086 1700 1952 1779 gabieruntincontusionemfabricatoreserrorumlsrael

274 1794 474 1854 Oratio.l)eus
486 1792 691 1865 Omnipotens,
699 1793 786 1864 cuijus
796 1793 996 1851 continuofilli
1004 1794 1068 1852 elti-
1121 1790 1337 1849 salvelusestin
1351 1792 1479 1849 Domino
1493 1792 1588 1851 salute
1596 1797 1708 1851 uterne
1725 1816 1731 1848 ι
1747 1808 1809 1852 non
1823 1794 1954 1854 conlun-

238 1886 344 1948 oimur,
353 1882 574 1940 dumtinclicne
583 1881 724 1939 salutaris
736 1883 1068 1956 aquarpurgamur;tao
1121 1878 1247 1946 damini,
1259 1884 1355 1937 elnon
1366 1880 1545 1939 erubescetis
1555 1882 1586 1938 in
1598 1882 1742 1940 saeculum
1753 1883 1863 1941 saculi.
1875 1886 1953 1951 Quia

238 1970 1067 2045 nositabenedictionislumperciperedonum,utmerito
1120 1969 1185 2025 bec
1193 1966 1265 2025 dicit
1277 1969 1422 2025 Dominus
1431 1984 1538 2027 creans
1549 1968 1651 2036 costos,
1660 1970 1878 2043 ipscDominus
1887 1972 1950 2031 tor-

239 2076 376 2135 supernas
391 2058 516 2117 civitatis
529 2057 711 2115 Hierusalem
727 2058 779 2115 tllii
799 2058 1006 2133 appellemur:
1023 2066 1065 2129 ut,
1121 2062 1336 2124 monsterium,
1348 2057 1495 2115 olfaciens
1503 2074 1581 2127 eam,
1594 2058 1660 2132 ipse
1672 2058 1783 2132 plastes
1794 2060 1859 2132 eius
1868 2078 1875 2119 ε
1885 2076 1950 2121 non

237 2149 292 2223 qui
300 2146 444 2206 Gentibus
455 2145 701 2204 esmanifeslatus
711 2147 743 2203 in
756 2146 864 2215 sidere,
877 2149 1067 2208 erodentibus
1120 2145 1460 2206 invauumcreaviteam
1472 2147 1950 2217 :utbabilaretur,tormaviteam:

238 2250 386 2311 appareas
395 2233 428 2291 iu
442 2232 589 2302 salutem
605 2237 643 2300 el,
656 2233 707 2306 qul
717 2248 774 2291 nos
783 2236 935 2293 renovasti
944 2236 1068 2295 benedi·
1121 2250 1177 2308 ego
1186 2234 1342 2307 Dominus,
1356 2241 1385 2294 et
1398 2251 1460 2293 non
1473 2240 1518 2295 est
1535 2236 1624 2295 allus.
1644 2240 1709 2297 lton
1731 2240 1763 2297 in
1787 2239 1952 2301 abcondito

239 2323 347 2383 odonis
358 2338 440 2397 aqua
453 2337 507 2396 per
518 2320 684 2387 lavacrum,
697 2338 823 2380 renoves
841 2324 873 2380 in
894 2325 994 2383 tuturo
1013 2341 1067 2399 per
1120 2324 1237 2381 loculus
1252 2340 1321 2381 sum
1335 2324 1366 2381 in
1379 2323 1445 2383 loco
1456 2330 1541 2383 terrm
1552 2327 1710 2386 tenebroso
1725 2344 1733 2385 r
1749 2343 1812 2386 non
1825 2328 1887 2387 dixi
1904 2346 1953 2387 se-

239 2412 363 2471 indulta
383 2409 486 2482 gratiae
499 2410 731 2484 repromissum.
749 2422 784 2481 g.
800 2417 906 2470 Amen.
1121 2412 1194 2469 mini
1202 2413 1295 2470 iacob
1311 2430 1318 2469 :
1335 2416 1454 2471 Frustra
1463 2414 1587 2488 quaerite
1595 2431 1644 2473 me
1661 2430 1736 2488 :ego
1749 2417 1893 2476 mminus
1904 2420 1952 2478 lo·

274 2505 329 2559 Per
344 2498 583 2559 misericordiam
598 2502 692 2555 tuam.
1120 2502 1666 2575 quensjustitiem,annunliansrecta.
1676 2508 1952 2581 congregemini,et

274 2590 323 2648 ild
334 2588 419 2648 uliud
441 2588 608 2646 Canticum.
636 2588 825 2657 Antiptoou.
851 2590 942 2648 Adest
964 2592 1067 2650 lumen
1119 2590 1268 2661 reniteat
1279 2592 1411 2650 accedite
1426 2592 1516 2650 simul
1530 2594 1582 2669 qui
1598 2593 1705 2653 salvelt
1716 2596 1786 2653 estis
1801 2612 1838 2654 ex
1851 2599 1951 2656 Genti-

239 2675 1066 2748 lnumHierusalem,etmajestasllominiintevidebitur.
1120 2677 1178 2736 bus
1191 2695 1198 2735 :
1213 2679 1947 2754 nesciebantquilevabantsculpluraesuassimul,

429 2766 586 2825 Canticum
601 2765 702 2824 Esuioe
714 2765 798 2838 (cm.
810 2766 876 2838 ux).
1121 2770 1150 2825 at
1161 2771 1270 2838 rogant
1282 2768 1377 2825 Deum
1386 2784 1447 2826 non
1463 2769 1640 2827 salvantem.
1660 2772 1848 2842 annuntiate,
1859 2778 1950 2832 etve-

276 2858 379 2929 Surge,
387 2854 557 2912 illuminare
565 2852 747 2911 llierusalam
760 2855 955 2929 :·quiavenit
965 2856 1068 2917 lumen
1121 2854 1192 2922 nite,
1204 2857 1439 2915 etconsolamiui
1450 2857 1541 2915 simul
1557 2876 1563 2915 :
1578 2859 1787 2933 quiseuditum
1797 2859 1866 2919 lecit
1876 2862 1949 2929 boc,

240 2948 336 3016 tuum,
352 2946 381 3002 et
393 2942 488 3014 gloria
501 2940 622 2999 Domini
636 2956 726 3016 super
737 2946 764 2999 te
775 2946 841 3000 orta
853 2949 905 3000 est.
1121 2948 1239 3001 extunc
1252 2945 1392 3019 proedixit
1401 2946 1491 3003 illud?
1504 2947 1642 3022 nunquid
1652 2964 1713 3006 non
1723 2962 1779 3019 ego
1790 2950 1951 3018 Dominus,

276 3033 352 3100 Quia
365 3046 434 3090 eece
447 3030 578 3090 tenebrae
602 3030 737 3104 operient
757 3035 878 3100 terram,
894 3035 905 3057 ⁶
919 3037 948 3092 et
970 3034 1068 3107 caligo
1087 3035 1151 3131 Gel
1164 3046 1225 3091 non
1240 3038 1283 3091 est
1297 3033 1374 3093 ultra
1388 3036 1465 3093 Deus
1481 3034 1596 3110 absque
1611 3038 1685 3096 mel
1699 3037 1776 3096 Deus
1788 3036 1898 3110 iustus,
1923 3044 1953 3099 et

239 3122 370 3195 populos
386 3138 393 3177 r
1122 3121 1242 3179 salvans
1252 3137 1315 3180 non
1327 3127 1553 3197 estpraeterme.
1572 3125 1783 3184 convertimini
1796 3126 1837 3184 ad
1847 3142 1909 3196 me,
1925 3133 1954 3187 et

277 3212 372 3283 Super
384 3213 414 3268 le
430 3212 532 3267 autern
545 3208 653 3266 orietur
666 3209 820 3282 Dominus,
835 3213 843 3229 ·
856 3214 885 3269 et
897 3211 993 3282 gloria
1003 3213 1069 3285 ejus
1123 3209 1196 3268 salvi
1211 3210 1293 3269 eritis
1307 3227 1413 3270 omnes
1426 3211 1502 3270 fines
1521 3217 1618 3272 terrea.
1635 3225 1667 3286 p.
1682 3217 1788 3272 amen.

240 3298 271 3357 in
285 3296 487 3356 tevidebitur.
1459 3303 1608 3374 Hymnus.

276 3389 311 3445 Et
321 3385 521 3447 ambulabunt
535 3387 642 3444 (tantm
660 3386 691 3444 in
705 3386 819 3445 lumine
842 3393 902 3457 tuo,
918 3392 967 3448 'et
980 3403 1069 3463 reges
1248 3391 1344 3447 Hostis
1353 3388 1483 3448 ilerodes
1492 3391 1596 3464 impie,

239 3476 272 3534 in
289 3474 449 3548 splendore
463 3479 546 3533 ortus
560 3474 612 3533 tui.
901 3509 906 3519 ·
1212 3479 1361 3538 Christum
1374 3479 1476 3536 venire
1488 3479 1562 3554 quid
1577 3480 1664 3539 times
1686 3482 1700 3540 l

278 3564 356 3619 bava
368 3564 400 3618 in
415 3564 571 3623 circumitu
587 3561 674 3621 oculo
694 3567 772 3631 tuos,
788 3565 902 3624 alvide
917 3583 924 3622 :
939 3569 947 3585 ⁶
961 3581 1069 3625 omnes
1213 3570 1278 3626 Nou
1292 3567 1393 3642 arripit
1407 3568 1555 3638 moralia,

241 3647 290 3706 isti
299 3651 473 3722 congregati
487 3656 567 3720 sunt,
587 3657 733 3711 venerunt
747 3652 799 3711 tibi
819 3671 826 3711 :
1214 3657 1268 3724 Qui
1280 3671 1374 3729 regna
1387 3657 1439 3715 dat
1450 3657 1594 3716 coeleslia.

280 3733 341 3792 Filii
351 3735 396 3793 tui
411 3736 450 3794 de
463 3736 550 3810 louge
569 3742 699 3812 venient,
717 3743 726 3760 ‘
740 3745 768 3800 et
777 3742 846 3800 filio
858 3747 917 3801 tum
931 3742 1070 3803 delatore
1249 3744 1335 3803 lbanl
1348 3745 1434 3816 lllagi,
1449 3762 1543 3821 quam
1556 3747 1701 3814 viderant,

244 3830 378 3893 surgent.
1215 3833 1345 3904 Stellam,
1361 3840 1520 3909 sequentes
1536 3837 1678 3910 praeviam
1696 3855 1703 3895 :

278 3912 359 3970 Tunc
367 3911 531 3983 videbis,et
540 3914 656 3983 atllues,
667 3920 678 3940 ·
688 3922 717 3975 et
727 3920 884 3979 mirabitur
893 3925 923 3978 et
931 3921 1072 3981 dilatabi-
1213 3924 1271 3998 91
1290 3925 1397 3981 Lucem
1410 3923 1567 3998 requirunt
1581 3924 1693 3982 lumine
1712 3943 1718 3981 :

244 4003 292 4058 tur
304 4005 463 4060 cortuum.
1216 4012 1597 4071 iteumlatenturmunerc.

281 4088 408 4155 Quando
421 4105 568 4149 conversa
579 4091 667 4150 tuerit
677 4093 717 4150 ad
731 4099 761 4152 te
772 4097 930 4157 multitudo
943 4101 1047 4170 maris,
1058 4105 1071 4131 ⁴
1251 4104 1381 4160 lavacra
1393 4101 1459 4174 puri
1474 4102 1598 4174 gurgitis

244 4173 386 4237 tortitudo
401 4178 539 4238 Genium
552 4181 664 4239 venerit
678 4181 742 4239 libi.
1215 4189 1347 4248 Coelestis
1361 4193 1462 4262 eguus
1476 4188 1571 4261 attigit
1591 4207 1598 4247 :

280 4265 370 4324 adest
379 4266 588 4343 iumentum,
600 4269 795 4339 Hierusalem,
810 4276 857 4332 'et
866 4277 1006 4348 moestas
1016 4281 1071 4334 lto-
1216 4281 1346 4344 Peccata,
1362 4294 1430 4354 quer
1445 4292 1507 4335 non
1520 4278 1633 4344 detulit,

245 4353 319 4410 mini
331 4353 363 4411 ln
377 4358 405 4412 te
416 4355 577 4418 videbitur.
1215 4369 1272 4423 llos
1286 4365 1436 4424 abluendo
1453 4366 1584 4425 sustulit.

279 4443 447 4501 lteitevetnr
456 4447 643 4518 antioceno.
656 4448 747 4507 Adest
759 4449 862 4508 lumen
875 4455 972 4510 tuum.
1087 4420 1110 4475 D
1251 4455 1368 4512 Novum
1383 4469 1478 4525 genus
1490 4457 1629 4530 potentia
1646 4473 1652 4513 :

282 4531 1072 4612 Ovutto.Cbriste,l·'iliusllei,quiprmcessioneradian-
1215 4546 1308 4616 Aquae
1324 4542 1482 4601 rabeseuut
1496 4543 1622 4618 hydria,

244 4620 379 4679 tiaslelloe
387 4621 551 4694 teipsumin
561 4625 945 4700 prassptopositumttegts
953 4631 1069 4702 teque
1215 4631 1383 4704 vinumque
1395 4631 1481 4704 jussa
1493 4630 1619 4691 tundere

244 4710 380 4767 rentibus
401 4709 521 4768 voluisti
541 4713 715 4787 ostendere,
732 4714 916 4787 praecedente
937 4731 1002 4784 noa,
1023 4718 1069 4774 vel
1216 4722 1334 4779 Mutavit
1349 4721 1432 4779 unda
1443 4721 1599 4793 originem.

245 4797 446 4872 subsequente
459 4801 554 4870 gratia
574 4804 627 4858 tua
639 4811 786 4860 aeteruum
808 4802 896 4861 nobis
922 4804 1005 4860 sidus
1026 4821 1071 4863 re·
1251 4810 1361 4876 Quarto
1373 4809 1421 4867 die
1433 4811 1498 4883 jam
1511 4811 1632 4870 toetidus

244 4879 365 4952 fulgeat,
376 4902 437 4959 quo
452 4892 479 4945 te
493 4888 627 4962 quotidie
640 4892 829 4950 inveniamus
844 4893 1005 4961 edendum,
1019 4895 1072 4968 qui
1215 4899 1310 4956 Vitam
1322 4900 1435 4972 recepit
1450 4903 1585 4970 Lazarus,

244 4967 329 5026 cibus
345 4973 442 5031 iactus
457 4991 490 5032 es
504 4979 738 5052 redemptorum.
753 4992 785 5049 ro.
805 4985 909 5038 lmen.
1217 4987 1375 5061 Mortis-que
1390 4989 1464 5045 liber
1476 4991 1611 5064 vinculis,

279 5059 333 5115 Per
346 5060 583 5123 misericordiam
598 5071 690 5124 tuam.
1217 5079 1320 5134 Factus
1336 5081 1486 5150 superstes
1504 5083 1548 5136 cst
1563 5079 1631 5136 sibi.

278 5147 326 5206 ac
338 5149 526 5209 Benedictus.
542 5158 727 5226 Arvtipboou.
740 5158 802 5215 Tibi
815 5158 869 5216 soll
878 5161 949 5230 Deo,
962 5159 1070 5230 honor,
1253 5167 1337 5223 llivos
1347 5166 1460 5222 cruoris
1473 5167 1586 5224 horridi

243 5242 273 5295 et
285 5235 393 5308 gloria,
413 5238 515 5308 virtus,
531 5247 559 5298 et
572 5248 702 5314 potestas
715 5245 746 5303 in
757 5248 867 5306 sucula
878 5249 1069 5307 surculorum.
1216 5257 1358 5313 Contacta
1372 5254 1463 5310 vestis
1482 5254 1609 5313 obstruit
1625 5271 1632 5311 ε

280 5325 443 5386 Canticum.
459 5329 633 5390 Benedictus
647 5348 690 5401 es,
705 5335 841 5394 Domine.
850 5337 908 5409 sot.
922 5342 950 5394 t.
1217 5343 1296 5400 lietu
1309 5343 1423 5412 rigante
1438 5342 1583 5415 supplicis

281 5417 370 5475 sono.
380 5418 990 5500 Egosumllpba,el0mega,principium,
999 5433 1028 5487 et
1040 5427 1073 5485 fi·
1215 5435 1304 5488 Arent
1317 5430 1430 5488 fluenta
1439 5433 1608 5502 sanguinis.

243 5503 604 5570 abdicitltominuslleus.
614 5509 1071 5587 Alleluia.t.ltlleluia.llgusum
1216 5519 1335 5579 Solutus
1351 5519 1433 5578 omni
1452 5534 1576 5594 corpore
