<?xml version="1.0" encoding="UTF-8"?>
<!DOCTYPE html PUBLIC "-//W3C//DTD XHTML 1.0 Transitional//EN"
    "http://www.w3.org/TR/xhtml1/DTD/xhtml1-transitional.dtd">
<html xmlns="http://www.w3.org/1999/xhtml" xml:lang="en" lang="en">
 <head>
  <title>
</title>
<meta http-equiv="Content-Type" content="text/html;charset=utf-8" />
  <meta name='ocr-system' content='tesseract 3.04.00' />
  <meta name='ocr-capabilities' content='ocr_page ocr_carea ocr_par ocr_line ocrx_word'/>
</head>
<body>
  <div class='ocr_page' id='page_1' title='image "./patrologiaecurs129unkngoog_0617.png"; bbox 0 0 4117 6175; ppageno 0'>
   <div class='ocr_carea' id='block_1_1' title="bbox 97 211 1269 328">
    <p class='ocr_par' dir='ltr' id='par_1_1' title="bbox 97 211 1269 328">
     <span class='ocr_line' id='line_1_1' title="bbox 97 211 1269 328; baseline 0.016 -17"><span class='ocrx_word' id='word_1_1' title='bbox 97 211 211 311; x_wconf 73' lang='lat' dir='ltr'><strong>iaee&#39;</strong></span> <span class='ocrx_word' id='word_1_2' title='bbox 633 236 1269 328; x_wconf 74' lang='lat' dir='ltr'><strong>sineremus-tesrxocruems</strong></span> 
     </span>
    </p>
   </div>
   <div class='ocr_carea' id='block_1_2' title="bbox 90 376 963 5699">
    <p class='ocr_par' dir='ltr' id='par_1_2' title="bbox 95 376 959 897">
     <span class='ocr_line' id='line_1_2' title="bbox 132 376 959 441; baseline -0.002 -6"><span class='ocrx_word' id='word_1_3' title='bbox 132 377 246 436; x_wconf 82' lang='lat' dir='ltr'><strong>Laudo.</strong></span> <span class='ocrx_word' id='word_1_4' title='bbox 258 376 482 437; x_wconf 87' lang='lat' dir='ltr'><strong>Cerminnbunt.</strong></span> <span class='ocrx_word' id='word_1_5' title='bbox 492 378 667 441; x_wconf 74' lang='lat' dir='ltr'><strong>benedictio.</strong></span> <span class='ocrx_word' id='word_1_6' title='bbox 677 378 825 440; x_wconf 75' lang='lat' dir='ltr'>Dominus</span> <span class='ocrx_word' id='word_1_7' title='bbox 835 380 921 437; x_wconf 83' lang='lat' dir='ltr'><strong>lesus</strong></span> <span class='ocrx_word' id='word_1_8' title='bbox 934 376 959 433; x_wconf 92' lang='lat' dir='ltr'><strong>A</strong></span> 
     </span>
     <span class='ocr_line' id='line_1_3' title="bbox 95 464 694 540; baseline 0.003 -15"><span class='ocrx_word' id='word_1_9' title='bbox 95 466 238 525; x_wconf 87' lang='lat' dir='ltr'><strong>Christus.</strong></span> <span class='ocrx_word' id='word_1_10' title='bbox 254 466 292 523; x_wconf 83' lang='lat' dir='ltr'><strong>ln</strong></span> <span class='ocrx_word' id='word_1_11' title='bbox 306 464 694 540; x_wconf 79' lang='lat' dir='ltr'><strong>Vesperirproeccdentibus.</strong></span> 
     </span>
     <span class='ocr_line' id='line_1_4' title="bbox 434 560 583 620; baseline 0.04 -6"><span class='ocrx_word' id='word_1_12' title='bbox 434 560 491 615; x_wconf 82' lang='lat' dir='ltr'><strong>uta</strong></span> <span class='ocrx_word' id='word_1_13' title='bbox 517 560 583 620; x_wconf 85' lang='lat' dir='ltr'><strong>Atti.</strong></span> 
     </span>
     <span class='ocr_line' id='line_1_5' title="bbox 96 656 921 720; baseline 0.002 -20"><span class='ocrx_word' id='word_1_14' title='bbox 96 660 122 700; x_wconf 84' lang='lat' dir='ltr'><strong>nr</strong></span> <span class='ocrx_word' id='word_1_15' title='bbox 156 658 243 702; x_wconf 87' lang='lat' dir='ltr'><strong>rnsro</strong></span> <span class='ocrx_word' id='word_1_16' title='bbox 262 658 422 702; x_wconf 76' lang='lat' dir='ltr'><strong>serenorum</strong></span> <span class='ocrx_word' id='word_1_17' title='bbox 439 660 546 720; x_wconf 82' lang='lat' dir='ltr'><strong>rausrr,</strong></span> <span class='ocrx_word' id='word_1_18' title='bbox 567 662 691 706; x_wconf 73' lang='lat' dir='ltr'><strong>susurru</strong></span> <span class='ocrx_word' id='word_1_19' title='bbox 710 661 743 705; x_wconf 83' lang='lat' dir='ltr'><strong>xx</strong></span> <span class='ocrx_word' id='word_1_20' title='bbox 760 656 921 714; x_wconf 76' lang='lat' dir='ltr'><strong>assumus,</strong></span> 
     </span>
     <span class='ocr_line' id='line_1_6' title="bbox 429 750 589 795; baseline 0.019 -4"><span class='ocrx_word' id='word_1_21' title='bbox 429 750 589 795; x_wconf 76' lang='lat' dir='ltr'><strong>sarriens.</strong></span> 
     </span>
     <span class='ocr_line' id='line_1_7' title="bbox 390 824 627 897; baseline 0.004 -16"><span class='ocrx_word' id='word_1_22' title='bbox 390 824 440 881; x_wconf 86' lang='lat' dir='ltr'><strong>Art</strong></span> <span class='ocrx_word' id='word_1_23' title='bbox 457 824 627 897; x_wconf 80' lang='lat' dir='ltr'><strong>Vesperurrr.</strong></span> 
     </span>
    </p>

    <p class='ocr_par' dir='ltr' id='par_1_3' title="bbox 130 910 593 973">
     <span class='ocr_line' id='line_1_8' title="bbox 130 910 593 973; baseline 0.002 -4"><span class='ocrx_word' id='word_1_24' title='bbox 130 910 249 970; x_wconf 80' lang='lat' dir='ltr'><strong>Laudo.</strong></span> <span class='ocrx_word' id='word_1_25' title='bbox 264 912 416 971; x_wconf 79' lang='lat' dir='ltr'><strong>Exortum.</strong></span> <span class='ocrx_word' id='word_1_26' title='bbox 429 912 495 972; x_wconf 79' lang='lat' dir='ltr'><strong>Fut.</strong></span> <span class='ocrx_word' id='word_1_27' title='bbox 511 930 593 973; x_wconf 76' lang='lat' dir='ltr'><strong>cxxii.</strong></span> 
     </span>
    </p>

    <p class='ocr_par' dir='ltr' id='par_1_4' title="bbox 92 1000 963 1871">
     <span class='ocr_line' id='line_1_9' title="bbox 130 1000 925 1075; baseline -0.001 -17"><span class='ocrx_word' id='word_1_28' title='bbox 130 1000 221 1058; x_wconf 82' lang='lat' dir='ltr'><strong>Seno.</strong></span> <span class='ocrx_word' id='word_1_29' title='bbox 237 1000 312 1057; x_wconf 91' lang='lat' dir='ltr'><strong>Dum</strong></span> <span class='ocrx_word' id='word_1_30' title='bbox 321 1000 844 1075; x_wconf 78' lang='lat' dir='ltr'><strong>succendereturfornex,preparati</strong></span> <span class='ocrx_word' id='word_1_31' title='bbox 853 1004 925 1057; x_wconf 89' lang='lat' dir='ltr'><strong>sunt</strong></span> 
     </span>
     <span class='ocr_line' id='line_1_10' title="bbox 94 1086 926 1155; baseline -0.001 -9"><span class='ocrx_word' id='word_1_32' title='bbox 94 1088 237 1155; x_wconf 80' lang='lat' dir='ltr'><strong>Ananias,</strong></span> <span class='ocrx_word' id='word_1_33' title='bbox 253 1087 383 1155; x_wconf 77' lang='lat' dir='ltr'><strong>Aerarius,</strong></span> <span class='ocrx_word' id='word_1_34' title='bbox 402 1094 431 1147; x_wconf 93' lang='lat' dir='ltr'><strong>et</strong></span> <span class='ocrx_word' id='word_1_35' title='bbox 448 1090 550 1147; x_wconf 88' lang='lat' dir='ltr'><strong>ltisnet</strong></span> <span class='ocrx_word' id='word_1_36' title='bbox 564 1090 604 1149; x_wconf 92' lang='lat' dir='ltr'><strong>ad</strong></span> <span class='ocrx_word' id='word_1_37' title='bbox 619 1086 860 1148; x_wconf 84' lang='lat' dir='ltr'><strong>comburendum</strong></span> <span class='ocrx_word' id='word_1_38' title='bbox 875 1105 882 1145; x_wconf 91' lang='lat'>:</span> <span class='ocrx_word' id='word_1_39' title='bbox 896 1091 926 1146; x_wconf 92' lang='lat' dir='ltr'><strong>et</strong></span> 
     </span>
     <span class='ocr_line' id='line_1_11' title="bbox 92 1174 922 1248; baseline -0.002 -15"><span class='ocrx_word' id='word_1_40' title='bbox 92 1174 221 1248; x_wconf 88' lang='lat' dir='ltr'><strong>ingressi</strong></span> <span class='ocrx_word' id='word_1_41' title='bbox 235 1174 266 1233; x_wconf 91' lang='lat' dir='ltr'><strong>in</strong></span> <span class='ocrx_word' id='word_1_42' title='bbox 281 1176 381 1248; x_wconf 88' lang='lat' dir='ltr'><strong>ignem</strong></span> <span class='ocrx_word' id='word_1_43' title='bbox 392 1178 435 1235; x_wconf 88' lang='lat' dir='ltr'><strong>sic</strong></span> <span class='ocrx_word' id='word_1_44' title='bbox 451 1176 757 1237; x_wconf 77' lang='lat' dir='ltr'><strong>metabanturmdore</strong></span> <span class='ocrx_word' id='word_1_45' title='bbox 767 1178 899 1235; x_wconf 86' lang='lat' dir='ltr'><strong>tlammre</strong></span> <span class='ocrx_word' id='word_1_46' title='bbox 916 1192 922 1230; x_wconf 91' lang='lat'>:</span> 
     </span>
     <span class='ocr_line' id='line_1_12' title="bbox 93 1264 923 1339; baseline -0.001 -16"><span class='ocrx_word' id='word_1_47' title='bbox 93 1264 227 1337; x_wconf 84' lang='lat' dir='ltr'><strong>Angelus</strong></span> <span class='ocrx_word' id='word_1_48' title='bbox 240 1264 321 1322; x_wconf 87' lang='lat' dir='ltr'><strong>enirn</strong></span> <span class='ocrx_word' id='word_1_49' title='bbox 328 1264 378 1322; x_wconf 91' lang='lat' dir='ltr'><strong>Del</strong></span> <span class='ocrx_word' id='word_1_50' title='bbox 389 1267 468 1325; x_wconf 90' lang='lat' dir='ltr'><strong>stetit</strong></span> <span class='ocrx_word' id='word_1_51' title='bbox 476 1267 507 1324; x_wconf 92' lang='lat' dir='ltr'><strong>in</strong></span> <span class='ocrx_word' id='word_1_52' title='bbox 516 1266 626 1339; x_wconf 86' lang='lat' dir='ltr'><strong>medio,</strong></span> <span class='ocrx_word' id='word_1_53' title='bbox 634 1272 722 1326; x_wconf 86' lang='lat' dir='ltr'><strong>vento</strong></span> <span class='ocrx_word' id='word_1_54' title='bbox 732 1264 923 1323; x_wconf 86' lang='lat' dir='ltr'><strong>roriailnnte:</strong></span> 
     </span>
     <span class='ocr_line' id='line_1_13' title="bbox 94 1351 923 1431; baseline 0.001 -20"><span class='ocrx_word' id='word_1_55' title='bbox 94 1351 257 1427; x_wconf 86' lang='lat' dir='ltr'><strong>intelligite,</strong></span> <span class='ocrx_word' id='word_1_56' title='bbox 278 1354 404 1427; x_wconf 87' lang='lat' dir='ltr'><strong>arguite.</strong></span> <span class='ocrx_word' id='word_1_57' title='bbox 424 1354 456 1417; x_wconf 74' lang='lat' dir='ltr'><strong>i.</strong></span> <span class='ocrx_word' id='word_1_58' title='bbox 477 1358 559 1415; x_wconf 82' lang='lat' dir='ltr'><strong>Tunc</strong></span> <span class='ocrx_word' id='word_1_59' title='bbox 573 1356 658 1431; x_wconf 88' lang='lat' dir='ltr'><strong>pueri</strong></span> <span class='ocrx_word' id='word_1_60' title='bbox 680 1356 813 1414; x_wconf 77' lang='lat' dir='ltr'><strong>texentes</strong></span> <span class='ocrx_word' id='word_1_61' title='bbox 838 1368 923 1412; x_wconf 87' lang='lat' dir='ltr'><strong>cana·</strong></span> 
     </span>
     <span class='ocr_line' id='line_1_14' title="bbox 94 1442 924 1519; baseline 0 -18"><span class='ocrx_word' id='word_1_62' title='bbox 94 1442 188 1501; x_wconf 86' lang='lat' dir='ltr'><strong>bant:</strong></span> <span class='ocrx_word' id='word_1_63' title='bbox 205 1442 240 1503; x_wconf 87' lang='lat' dir='ltr'><strong>P.</strong></span> <span class='ocrx_word' id='word_1_64' title='bbox 251 1444 329 1501; x_wconf 91' lang='lat' dir='ltr'><strong>Deus</strong></span> <span class='ocrx_word' id='word_1_65' title='bbox 340 1446 532 1519; x_wconf 87' lang='lat' dir='ltr'><strong>omnipotens</strong></span> <span class='ocrx_word' id='word_1_66' title='bbox 547 1444 688 1503; x_wconf 86' lang='lat' dir='ltr'><strong>terribilis</strong></span> <span class='ocrx_word' id='word_1_67' title='bbox 700 1442 879 1503; x_wconf 90' lang='lat' dir='ltr'><strong>metuendus</strong></span> <span class='ocrx_word' id='word_1_68' title='bbox 892 1442 924 1501; x_wconf 90' lang='lat' dir='ltr'><strong>in</strong></span> 
     </span>
     <span class='ocr_line' id='line_1_15' title="bbox 95 1530 923 1609; baseline -0.002 -18"><span class='ocrx_word' id='word_1_69' title='bbox 95 1531 251 1591; x_wconf 68' lang='lat' dir='ltr'><strong>meadum.</strong></span> <span class='ocrx_word' id='word_1_70' title='bbox 263 1534 368 1590; x_wconf 85' lang='lat' dir='ltr'><strong>Amen.</strong></span> <span class='ocrx_word' id='word_1_71' title='bbox 384 1532 518 1593; x_wconf 75' lang='lat' dir='ltr'><strong>Alleluia.</strong></span> <span class='ocrx_word' id='word_1_72' title='bbox 529 1534 560 1597; x_wconf 79' lang='lat' dir='ltr'><strong>t.</strong></span> <span class='ocrx_word' id='word_1_73' title='bbox 572 1538 640 1593; x_wconf 78' lang='lat' dir='ltr'><strong>ires</strong></span> <span class='ocrx_word' id='word_1_74' title='bbox 654 1533 741 1609; x_wconf 90' lang='lat' dir='ltr'><strong>pueri</strong></span> <span class='ocrx_word' id='word_1_75' title='bbox 747 1533 835 1607; x_wconf 89' lang='lat' dir='ltr'><strong>jussu</strong></span> <span class='ocrx_word' id='word_1_76' title='bbox 844 1530 923 1605; x_wconf 82' lang='lat' dir='ltr'><strong>regia</strong></span> 
     </span>
     <span class='ocr_line' id='line_1_16' title="bbox 92 1620 924 1684; baseline 0 -5"><span class='ocrx_word' id='word_1_77' title='bbox 92 1621 125 1679; x_wconf 94' lang='lat' dir='ltr'><strong>in</strong></span> <span class='ocrx_word' id='word_1_78' title='bbox 146 1621 299 1679; x_wconf 75' lang='lat' dir='ltr'><strong>fornacem</strong></span> <span class='ocrx_word' id='word_1_79' title='bbox 315 1620 399 1680; x_wconf 88' lang='lat' dir='ltr'><strong>missi</strong></span> <span class='ocrx_word' id='word_1_80' title='bbox 421 1628 490 1681; x_wconf 89' lang='lat' dir='ltr'><strong>sunt</strong></span> <span class='ocrx_word' id='word_1_81' title='bbox 514 1642 521 1684; x_wconf 91' lang='lat'>:</span> <span class='ocrx_word' id='word_1_82' title='bbox 543 1638 604 1681; x_wconf 88' lang='lat' dir='ltr'><strong>non</strong></span> <span class='ocrx_word' id='word_1_83' title='bbox 626 1626 761 1681; x_wconf 85' lang='lat' dir='ltr'><strong>verentes</strong></span> <span class='ocrx_word' id='word_1_84' title='bbox 783 1620 924 1679; x_wconf 83' lang='lat' dir='ltr'><strong>Dammae</strong></span> 
     </span>
     <span class='ocr_line' id='line_1_17' title="bbox 92 1708 963 1788; baseline -0.001 -21"><span class='ocrx_word' id='word_1_85' title='bbox 92 1708 174 1782; x_wconf 86' lang='lat' dir='ltr'><strong>ignis</strong></span> <span class='ocrx_word' id='word_1_86' title='bbox 187 1714 344 1784; x_wconf 78' lang='lat' dir='ltr'><strong>tamquam</strong></span> <span class='ocrx_word' id='word_1_87' title='bbox 359 1726 396 1768; x_wconf 88' lang='lat' dir='ltr'><strong>ex</strong></span> <span class='ocrx_word' id='word_1_88' title='bbox 406 1726 467 1769; x_wconf 91' lang='lat' dir='ltr'><strong>uno</strong></span> <span class='ocrx_word' id='word_1_89' title='bbox 481 1726 532 1769; x_wconf 86' lang='lat' dir='ltr'><strong>ore</strong></span> <span class='ocrx_word' id='word_1_90' title='bbox 546 1710 695 1770; x_wconf 90' lang='lat' dir='ltr'><strong>canebant</strong></span> <span class='ocrx_word' id='word_1_91' title='bbox 709 1709 847 1769; x_wconf 76' lang='lat' dir='ltr'><strong>eP.Deus</strong></span> <span class='ocrx_word' id='word_1_92' title='bbox 860 1724 922 1767; x_wconf 89' lang='lat' dir='ltr'><strong>om·</strong></span> <span class='ocrx_word' id='word_1_93' title='bbox 939 1730 963 1788; x_wconf 75' lang='grc' dir='ltr'><strong>Β</strong></span> 
     </span>
     <span class='ocr_line' id='line_1_18' title="bbox 92 1799 247 1871; baseline 0.006 -16"><span class='ocrx_word' id='word_1_94' title='bbox 92 1799 247 1871; x_wconf 89' lang='lat' dir='ltr'><strong>nipotens.</strong></span> 
     </span>
    </p>

    <p class='ocr_par' dir='ltr' id='par_1_5' title="bbox 132 1888 523 1961">
     <span class='ocr_line' id='line_1_19' title="bbox 132 1888 523 1961; baseline 0.008 -17"><span class='ocrx_word' id='word_1_95' title='bbox 132 1888 276 1945; x_wconf 90' lang='lat' dir='ltr'><strong>Dominus</strong></span> <span class='ocrx_word' id='word_1_96' title='bbox 291 1888 336 1947; x_wconf 89' lang='lat' dir='ltr'><strong>sit.</strong></span> <span class='ocrx_word' id='word_1_97' title='bbox 353 1900 385 1961; x_wconf 74' lang='lat' dir='ltr'><strong>[p.</strong></span> <span class='ocrx_word' id='word_1_98' title='bbox 402 1890 435 1946; x_wconf 85' lang='lat' dir='ltr'><strong>Et</strong></span> <span class='ocrx_word' id='word_1_99' title='bbox 443 1905 523 1948; x_wconf 90' lang='lat' dir='ltr'><strong>eum.</strong></span> 
     </span>
    </p>

    <p class='ocr_par' dir='ltr' id='par_1_6' title="bbox 90 1974 924 2412">
     <span class='ocr_line' id='line_1_20' title="bbox 130 1974 921 2051; baseline 0 -18"><span class='ocrx_word' id='word_1_100' title='bbox 130 1977 317 2047; x_wconf 78' lang='lat' dir='ltr'><strong>Antiphone.</strong></span> <span class='ocrx_word' id='word_1_101' title='bbox 330 1980 364 2038; x_wconf 85' lang='lat' dir='ltr'><strong>tit</strong></span> <span class='ocrx_word' id='word_1_102' title='bbox 376 1992 484 2037; x_wconf 84' lang='lat' dir='ltr'><strong>eurum</strong></span> <span class='ocrx_word' id='word_1_103' title='bbox 496 1976 560 2051; x_wconf 89' lang='lat' dir='ltr'><strong>igni</strong></span> <span class='ocrx_word' id='word_1_104' title='bbox 569 1977 688 2051; x_wconf 86' lang='lat' dir='ltr'><strong>probati</strong></span> <span class='ocrx_word' id='word_1_105' title='bbox 697 1982 768 2037; x_wconf 85' lang='lat' dir='ltr'><strong>aunt</strong></span> <span class='ocrx_word' id='word_1_106' title='bbox 780 1974 921 2044; x_wconf 83' lang='lat' dir='ltr'><strong>xancti‚i’.</strong></span> 
     </span>
     <span class='ocr_line' id='line_1_21' title="bbox 94 2066 924 2143; baseline -0.002 -18"><span class='ocrx_word' id='word_1_107' title='bbox 94 2066 515 2141; x_wconf 77' lang='lat' dir='ltr'><strong>thuasihostieholocausti,</strong></span> <span class='ocrx_word' id='word_1_108' title='bbox 525 2067 751 2143; x_wconf 88' lang='lat' dir='ltr'><strong>acceptisuntin</strong></span> <span class='ocrx_word' id='word_1_109' title='bbox 761 2068 924 2141; x_wconf 86' lang='lat' dir='ltr'><strong>conspectu</strong></span> 
     </span>
     <span class='ocr_line' id='line_1_22' title="bbox 94 2155 924 2229; baseline -0.004 -15"><span class='ocrx_word' id='word_1_110' title='bbox 94 2156 147 2214; x_wconf 88' lang='lat' dir='ltr'><strong>Dei</strong></span> <span class='ocrx_word' id='word_1_111' title='bbox 167 2155 222 2213; x_wconf 90' lang='lat' dir='ltr'><strong>sui.</strong></span> <span class='ocrx_word' id='word_1_112' title='bbox 239 2156 270 2219; x_wconf 79' lang='lat' dir='ltr'><strong>il.</strong></span> <span class='ocrx_word' id='word_1_113' title='bbox 295 2158 369 2217; x_wconf 86' lang='lat' dir='ltr'><strong>lusti</strong></span> <span class='ocrx_word' id='word_1_114' title='bbox 381 2172 451 2215; x_wconf 83' lang='lat' dir='ltr'><strong>vero</strong></span> <span class='ocrx_word' id='word_1_115' title='bbox 471 2156 632 2216; x_wconf 80' lang='lat' dir='ltr'><strong>hereditate</strong></span> <span class='ocrx_word' id='word_1_116' title='bbox 660 2155 856 2229; x_wconf 84' lang='lat' dir='ltr'><strong>possidebunt</strong></span> <span class='ocrx_word' id='word_1_117' title='bbox 868 2158 924 2211; x_wconf 92' lang='lat' dir='ltr'><strong>ter·</strong></span> 
     </span>
     <span class='ocr_line' id='line_1_23' title="bbox 91 2244 921 2319; baseline -0.002 -17"><span class='ocrx_word' id='word_1_118' title='bbox 91 2262 159 2305; x_wconf 88' lang='lat' dir='ltr'><strong>ram</strong></span> <span class='ocrx_word' id='word_1_119' title='bbox 169 2264 177 2301; x_wconf 76' lang='grc' dir='ltr'><strong><em>ε</em></strong></span> <span class='ocrx_word' id='word_1_120' title='bbox 187 2245 623 2305; x_wconf 82' lang='lat' dir='ltr'><strong>etinhabitabuntinsueculum</strong></span> <span class='ocrx_word' id='word_1_121' title='bbox 631 2244 732 2304; x_wconf 77' lang='lat' dir='ltr'><strong>saeculi</strong></span> <span class='ocrx_word' id='word_1_122' title='bbox 742 2260 831 2319; x_wconf 86' lang='lat' dir='ltr'><strong>super</strong></span> <span class='ocrx_word' id='word_1_123' title='bbox 842 2258 921 2302; x_wconf 87' lang='lat' dir='ltr'><strong>eam.</strong></span> 
     </span>
     <span class='ocr_line' id='line_1_24' title="bbox 90 2332 816 2412; baseline -0.007 -17"><span class='ocrx_word' id='word_1_124' title='bbox 90 2336 123 2395; x_wconf 90' lang='grc' dir='ltr'><strong>Ρ.</strong></span> <span class='ocrx_word' id='word_1_125' title='bbox 141 2338 174 2395; x_wconf 83' lang='lat' dir='ltr'><strong>Et</strong></span> <span class='ocrx_word' id='word_1_126' title='bbox 187 2336 286 2412; x_wconf 87' lang='lat' dir='ltr'><strong>quasi.</strong></span> <span class='ocrx_word' id='word_1_127' title='bbox 298 2335 329 2398; x_wconf 81' lang='lat' dir='ltr'><strong>il·</strong></span> <span class='ocrx_word' id='word_1_128' title='bbox 344 2332 451 2403; x_wconf 85' lang='lat' dir='ltr'><strong>Gloria,</strong></span> <span class='ocrx_word' id='word_1_129' title='bbox 467 2341 496 2395; x_wconf 88' lang='lat' dir='ltr'><strong>et</strong></span> <span class='ocrx_word' id='word_1_130' title='bbox 508 2336 615 2393; x_wconf 87' lang='lat' dir='ltr'><strong>honor.</strong></span> <span class='ocrx_word' id='word_1_131' title='bbox 630 2334 662 2393; x_wconf 90' lang='grc' dir='ltr'><strong>Ρ.</strong></span> <span class='ocrx_word' id='word_1_132' title='bbox 674 2333 816 2409; x_wconf 83' lang='lat' dir='ltr'><strong>thueai.</strong></span> 
     </span>
    </p>

    <p class='ocr_par' dir='ltr' id='par_1_7' title="bbox 133 2424 536 2497">
     <span class='ocr_line' id='line_1_25' title="bbox 133 2424 536 2497; baseline -0.002 -14"><span class='ocrx_word' id='word_1_133' title='bbox 133 2426 279 2485; x_wconf 84' lang='lat' dir='ltr'><strong>Dominus</strong></span> <span class='ocrx_word' id='word_1_134' title='bbox 295 2424 341 2483; x_wconf 90' lang='lat' dir='ltr'><strong>sit.</strong></span> <span class='ocrx_word' id='word_1_135' title='bbox 358 2436 389 2497; x_wconf 67' lang='lat' dir='ltr'><strong>tp.</strong></span> <span class='ocrx_word' id='word_1_136' title='bbox 412 2426 444 2483; x_wconf 83' lang='lat' dir='ltr'><strong>iit</strong></span> <span class='ocrx_word' id='word_1_137' title='bbox 456 2440 536 2482; x_wconf 91' lang='lat' dir='ltr'><strong>cum.</strong></span> 
     </span>
    </p>

    <p class='ocr_par' dir='ltr' id='par_1_8' title="bbox 90 2509 924 2947">
     <span class='ocr_line' id='line_1_26' title="bbox 131 2509 923 2587; baseline -0.008 -13"><span class='ocrx_word' id='word_1_138' title='bbox 131 2509 923 2587; x_wconf 77' lang='lat' dir='ltr'><strong>haudmcolumnamignisdueembabueruntltinen&#39;s</strong></span> 
     </span>
     <span class='ocr_line' id='line_1_27' title="bbox 92 2598 924 2679; baseline -0.008 -16"><span class='ocrx_word' id='word_1_139' title='bbox 92 2604 232 2675; x_wconf 74' lang='lat' dir='ltr'><strong>Alleluia,</strong></span> <span class='ocrx_word' id='word_1_140' title='bbox 247 2604 278 2661; x_wconf 91' lang='grc' dir='ltr'><strong>Ρ.</strong></span> <span class='ocrx_word' id='word_1_141' title='bbox 291 2604 346 2661; x_wconf 89' lang='lat' dir='ltr'><strong>Per</strong></span> <span class='ocrx_word' id='word_1_142' title='bbox 359 2618 454 2679; x_wconf 82' lang='lat' dir='ltr'><strong>quem</strong></span> <span class='ocrx_word' id='word_1_143' title='bbox 464 2602 595 2661; x_wconf 78' lang='lat' dir='ltr'><strong>ostendit</strong></span> <span class='ocrx_word' id='word_1_144' title='bbox 611 2602 687 2660; x_wconf 88' lang='lat' dir='ltr'><strong>Deus</strong></span> <span class='ocrx_word' id='word_1_145' title='bbox 707 2601 805 2659; x_wconf 89' lang='lat' dir='ltr'><strong>lucem</strong></span> <span class='ocrx_word' id='word_1_146' title='bbox 816 2598 864 2657; x_wconf 88' lang='lat' dir='ltr'><strong>eis</strong></span> <span class='ocrx_word' id='word_1_147' title='bbox 877 2598 924 2657; x_wconf 90' lang='lat' dir='ltr'><strong>Al-</strong></span> 
     </span>
     <span class='ocr_line' id='line_1_28' title="bbox 91 2687 924 2766; baseline -0.007 -13"><span class='ocrx_word' id='word_1_148' title='bbox 91 2694 197 2765; x_wconf 87' lang='lat' dir='ltr'><strong>leluie,</strong></span> <span class='ocrx_word' id='word_1_149' title='bbox 211 2691 340 2751; x_wconf 89' lang='lat' dir='ltr'><strong>alleluiu.</strong></span> <span class='ocrx_word' id='word_1_150' title='bbox 355 2702 388 2755; x_wconf 69' lang='lat' dir='ltr'><strong>t.</strong></span> <span class='ocrx_word' id='word_1_151' title='bbox 407 2692 480 2751; x_wconf 80' lang='lat' dir='ltr'><strong>ltisit</strong></span> <span class='ocrx_word' id='word_1_152' title='bbox 493 2691 620 2750; x_wconf 81' lang='lat' dir='ltr'><strong>uerbum</strong></span> <span class='ocrx_word' id='word_1_153' title='bbox 639 2706 741 2758; x_wconf 84' lang='lat' dir='ltr'><strong>suum,</strong></span> <span class='ocrx_word' id='word_1_154' title='bbox 757 2687 883 2766; x_wconf 64' lang='lat' dir='ltr'><strong>[marri]</strong></span> <span class='ocrx_word' id='word_1_155' title='bbox 896 2695 924 2747; x_wconf 92' lang='lat' dir='ltr'><strong>et</strong></span> 
     </span>
     <span class='ocr_line' id='line_1_29' title="bbox 92 2778 922 2856; baseline -0.007 -13"><span class='ocrx_word' id='word_1_156' title='bbox 92 2786 217 2843; x_wconf 78' lang='lat' dir='ltr'><strong>sanavit</strong></span> <span class='ocrx_word' id='word_1_157' title='bbox 234 2798 286 2840; x_wconf 90' lang='lat' dir='ltr'><strong>eoa</strong></span> <span class='ocrx_word' id='word_1_158' title='bbox 303 2797 310 2837; x_wconf 75' lang='grc' dir='ltr'><strong><em>ε</em></strong></span> <span class='ocrx_word' id='word_1_159' title='bbox 327 2786 356 2839; x_wconf 92' lang='lat' dir='ltr'><strong>et</strong></span> <span class='ocrx_word' id='word_1_160' title='bbox 368 2782 479 2856; x_wconf 90' lang='lat' dir='ltr'><strong>eripuit</strong></span> <span class='ocrx_word' id='word_1_161' title='bbox 498 2796 550 2839; x_wconf 88' lang='lat' dir='ltr'><strong>eos</strong></span> <span class='ocrx_word' id='word_1_162' title='bbox 565 2780 603 2839; x_wconf 90' lang='lat' dir='ltr'><strong>de</strong></span> <span class='ocrx_word' id='word_1_163' title='bbox 625 2779 745 2839; x_wconf 91' lang='lat' dir='ltr'><strong>interitu</strong></span> <span class='ocrx_word' id='word_1_164' title='bbox 762 2794 877 2837; x_wconf 91' lang='lat' dir='ltr'><strong>eorum.</strong></span> <span class='ocrx_word' id='word_1_165' title='bbox 892 2778 922 2837; x_wconf 91' lang='grc' dir='ltr'><strong>Ρ.</strong></span> 
     </span>
     <span class='ocr_line' id='line_1_30' title="bbox 90 2868 836 2947; baseline -0.009 -17"><span class='ocrx_word' id='word_1_166' title='bbox 90 2874 152 2930; x_wconf 91' lang='lat' dir='ltr'><strong>Per</strong></span> <span class='ocrx_word' id='word_1_167' title='bbox 169 2886 274 2947; x_wconf 85' lang='lat' dir='ltr'><strong>quem.</strong></span> <span class='ocrx_word' id='word_1_168' title='bbox 288 2869 321 2933; x_wconf 77' lang='lat' dir='ltr'><strong>i.</strong></span> <span class='ocrx_word' id='word_1_169' title='bbox 336 2868 488 2937; x_wconf 68' lang='lat' dir='ltr'><strong>distinet</strong></span> <span class='ocrx_word' id='word_1_170' title='bbox 502 2871 607 2929; x_wconf 89' lang='lat' dir='ltr'><strong>boner.</strong></span> <span class='ocrx_word' id='word_1_171' title='bbox 623 2870 654 2925; x_wconf 90' lang='grc' dir='ltr'><strong>Ρ.</strong></span> <span class='ocrx_word' id='word_1_172' title='bbox 671 2869 836 2944; x_wconf 83' lang='lat' dir='ltr'><strong>Perquem.</strong></span> 
     </span>
    </p>

    <p class='ocr_par' dir='ltr' id='par_1_9' title="bbox 200 2961 730 5699">
     <span class='ocr_line' id='line_1_31' title="bbox 431 2961 583 3033; baseline -0.013 -16"><span class='ocrx_word' id='word_1_173' title='bbox 431 2961 583 3033; x_wconf 76' lang='lat' dir='ltr'><strong>Humerus.</strong></span> 
     </span>
     <span class='ocr_line' id='line_1_32' title="bbox 238 3048 606 3110; baseline -0.008 0"><span class='ocrx_word' id='word_1_174' title='bbox 238 3048 351 3110; x_wconf 80' lang='lat' dir='ltr'><strong>Gaudet</strong></span> <span class='ocrx_word' id='word_1_175' title='bbox 366 3052 486 3108; x_wconf 83' lang='lat' dir='ltr'><strong>caterve</strong></span> <span class='ocrx_word' id='word_1_176' title='bbox 497 3048 606 3108; x_wconf 89' lang='lat' dir='ltr'><strong>nobilis</strong></span> 
     </span>
     <span class='ocr_line' id='line_1_33' title="bbox 203 3139 505 3216; baseline -0.003 -19"><span class='ocrx_word' id='word_1_177' title='bbox 203 3141 251 3198; x_wconf 92' lang='lat' dir='ltr'><strong>Dei</strong></span> <span class='ocrx_word' id='word_1_178' title='bbox 263 3139 376 3216; x_wconf 85' lang='lat' dir='ltr'><strong>repleta</strong></span> <span class='ocrx_word' id='word_1_179' title='bbox 387 3147 505 3211; x_wconf 80' lang='lat' dir='ltr'><strong>gratie:</strong></span> 
     </span>
     <span class='ocr_line' id='line_1_34' title="bbox 200 3231 665 3302; baseline -0.004 -14"><span class='ocrx_word' id='word_1_180' title='bbox 200 3231 300 3288; x_wconf 82' lang='lat' dir='ltr'><strong>Trium</strong></span> <span class='ocrx_word' id='word_1_181' title='bbox 316 3235 489 3288; x_wconf 87' lang='lat' dir='ltr'><strong>sanctorum</strong></span> <span class='ocrx_word' id='word_1_182' title='bbox 505 3231 665 3302; x_wconf 82' lang='lat' dir='ltr'><strong>llertyrum</strong></span> 
     </span>
     <span class='ocr_line' id='line_1_35' title="bbox 201 3317 609 3377; baseline -0.002 -2"><span class='ocrx_word' id='word_1_183' title='bbox 201 3319 348 3377; x_wconf 84' lang='lat' dir='ltr'><strong>Prreclara</strong></span> <span class='ocrx_word' id='word_1_184' title='bbox 366 3323 413 3376; x_wconf 88' lang='lat' dir='ltr'><strong>est</strong></span> <span class='ocrx_word' id='word_1_185' title='bbox 425 3317 609 3377; x_wconf 75' lang='lat' dir='ltr'><strong>solemnitas.</strong></span> 
     </span>
     <span class='ocr_line' id='line_1_36' title="bbox 236 3407 637 3481; baseline -0.002 -15"><span class='ocrx_word' id='word_1_186' title='bbox 236 3408 393 3481; x_wconf 82' lang='lat' dir='ltr'><strong>Templum</strong></span> <span class='ocrx_word' id='word_1_187' title='bbox 409 3409 500 3465; x_wconf 89' lang='lat' dir='ltr'><strong>Deata</strong></span> <span class='ocrx_word' id='word_1_188' title='bbox 512 3407 637 3465; x_wconf 81' lang='lat' dir='ltr'><strong>Trinitas</strong></span> 
     </span>
     <span class='ocr_line' id='line_1_37' title="bbox 201 3495 577 3565; baseline -0.005 -9"><span class='ocrx_word' id='word_1_189' title='bbox 201 3496 336 3556; x_wconf 86' lang='lat' dir='ltr'><strong>Perenne</strong></span> <span class='ocrx_word' id='word_1_190' title='bbox 350 3496 487 3554; x_wconf 91' lang='lat' dir='ltr'><strong>condidit</strong></span> <span class='ocrx_word' id='word_1_191' title='bbox 500 3495 557 3554; x_wconf 87' lang='lat' dir='ltr'><strong>sibi</strong></span> <span class='ocrx_word' id='word_1_192' title='bbox 570 3513 577 3565; x_wconf 90' lang='lat'>;</span> 
     </span>
     <span class='ocr_line' id='line_1_38' title="bbox 200 3585 651 3660; baseline -0.004 -16"><span class='ocrx_word' id='word_1_193' title='bbox 200 3589 242 3644; x_wconf 80' lang='lat' dir='ltr'><strong>lix</strong></span> <span class='ocrx_word' id='word_1_194' title='bbox 255 3601 318 3660; x_wconf 91' lang='lat' dir='ltr'><strong>quo</strong></span> <span class='ocrx_word' id='word_1_195' title='bbox 335 3601 450 3644; x_wconf 83' lang='lat' dir='ltr'><strong>aevum</strong></span> <span class='ocrx_word' id='word_1_196' title='bbox 464 3585 651 3658; x_wconf 80' lang='lat' dir='ltr'><strong>depromitur</strong></span> 
     </span>
     <span class='ocr_line' id='line_1_39' title="bbox 205 3673 653 3748; baseline -0.007 -16"><span class='ocrx_word' id='word_1_197' title='bbox 205 3673 481 3748; x_wconf 88' lang='lat' dir='ltr'><strong>Dulcissimumque</strong></span> <span class='ocrx_word' id='word_1_198' title='bbox 492 3673 653 3732; x_wconf 89' lang='lat' dir='ltr'><strong>canticum.</strong></span> 
     </span>
     <span class='ocr_line' id='line_1_40' title="bbox 241 3763 623 3822; baseline -0.003 0"><span class='ocrx_word' id='word_1_199' title='bbox 241 3763 275 3822; x_wconf 88' lang='lat' dir='ltr'><strong>lli</strong></span> <span class='ocrx_word' id='word_1_200' title='bbox 290 3768 350 3821; x_wconf 86' lang='lat' dir='ltr'><strong>tres</strong></span> <span class='ocrx_word' id='word_1_201' title='bbox 366 3763 420 3820; x_wconf 88' lang='lat' dir='ltr'><strong>riri</strong></span> <span class='ocrx_word' id='word_1_202' title='bbox 433 3763 623 3822; x_wconf 88' lang='lat' dir='ltr'><strong>concorditer</strong></span> 
     </span>
     <span class='ocr_line' id='line_1_41' title="bbox 202 3853 594 3926; baseline -0.003 -16"><span class='ocrx_word' id='word_1_203' title='bbox 202 3853 247 3910; x_wconf 90' lang='lat' dir='ltr'><strong>Ad</strong></span> <span class='ocrx_word' id='word_1_204' title='bbox 264 3853 434 3926; x_wconf 88' lang='lat' dir='ltr'><strong>passionem</strong></span> <span class='ocrx_word' id='word_1_205' title='bbox 448 3853 571 3910; x_wconf 81' lang='lat' dir='ltr'><strong>veniunt</strong></span> <span class='ocrx_word' id='word_1_206' title='bbox 586 3867 594 3909; x_wconf 76' lang='grc' dir='ltr'><strong>ε</strong></span> 
     </span>
     <span class='ocr_line' id='line_1_42' title="bbox 205 3941 536 4000; baseline -0.003 0"><span class='ocrx_word' id='word_1_207' title='bbox 205 3947 236 4000; x_wconf 95' lang='lat' dir='ltr'><strong>ln</strong></span> <span class='ocrx_word' id='word_1_208' title='bbox 251 3941 401 4000; x_wconf 79' lang='lat' dir='ltr'><strong>Trinitetis</strong></span> <span class='ocrx_word' id='word_1_209' title='bbox 415 3942 536 3999; x_wconf 86' lang='lat' dir='ltr'><strong>nomine</strong></span> 
     </span>
     <span class='ocr_line' id='line_1_43' title="bbox 205 4029 660 4106; baseline -0.002 -18"><span class='ocrx_word' id='word_1_210' title='bbox 205 4031 327 4088; x_wconf 81' lang='lat' dir='ltr'><strong>Hostem</strong></span> <span class='ocrx_word' id='word_1_211' title='bbox 338 4031 471 4088; x_wconf 86' lang='lat' dir='ltr'><strong>vicerunt</strong></span> <span class='ocrx_word' id='word_1_212' title='bbox 483 4029 660 4106; x_wconf 82' lang='lat' dir='ltr'><strong>passimam.</strong></span> 
     </span>
     <span class='ocr_line' id='line_1_44' title="bbox 242 4117 730 4194; baseline -0.002 -17"><span class='ocrx_word' id='word_1_213' title='bbox 242 4117 369 4177; x_wconf 77' lang='lat' dir='ltr'><strong>Faustus</strong></span> <span class='ocrx_word' id='word_1_214' title='bbox 385 4119 533 4192; x_wconf 87' lang='lat' dir='ltr'><strong>benignus</strong></span> <span class='ocrx_word' id='word_1_215' title='bbox 547 4120 661 4194; x_wconf 89' lang='lat' dir='ltr'><strong>primus</strong></span> <span class='ocrx_word' id='word_1_216' title='bbox 676 4123 730 4186; x_wconf 88' lang='lat' dir='ltr'><strong>cst,</strong></span> 
     </span>
     <span class='ocr_line' id='line_1_45' title="bbox 213 4209 606 4283; baseline 0.003 -20"><span class='ocrx_word' id='word_1_217' title='bbox 213 4209 324 4267; x_wconf 72' lang='lat' dir='ltr'><strong>siletur</strong></span> <span class='ocrx_word' id='word_1_218' title='bbox 337 4225 344 4264; x_wconf 90' lang='lat'>:</span> <span class='ocrx_word' id='word_1_219' title='bbox 357 4209 451 4282; x_wconf 82' lang='lat' dir='ltr'><strong>liujus</strong></span> <span class='ocrx_word' id='word_1_220' title='bbox 464 4211 606 4283; x_wconf 90' lang='lat' dir='ltr'><strong>temporis</strong></span> 
     </span>
     <span class='ocr_line' id='line_1_46' title="bbox 209 4299 606 4372; baseline -0.008 -13"><span class='ocrx_word' id='word_1_221' title='bbox 209 4299 366 4370; x_wconf 89' lang='lat' dir='ltr'><strong>Condigua</strong></span> <span class='ocrx_word' id='word_1_222' title='bbox 377 4313 437 4356; x_wconf 90' lang='lat' dir='ltr'><strong>nen</strong></span> <span class='ocrx_word' id='word_1_223' title='bbox 451 4303 497 4355; x_wconf 87' lang='lat' dir='ltr'><strong>est</strong></span> <span class='ocrx_word' id='word_1_224' title='bbox 506 4299 606 4372; x_wconf 88' lang='lat' dir='ltr'><strong>passio</strong></span> 
     </span>
     <span class='ocr_line' id='line_1_47' title="bbox 206 4387 680 4460; baseline -0.002 -15"><span class='ocrx_word' id='word_1_225' title='bbox 206 4391 330 4458; x_wconf 77' lang='lat' dir='ltr'><strong>Fratres,</strong></span> <span class='ocrx_word' id='word_1_226' title='bbox 347 4387 478 4445; x_wconf 87' lang='lat' dir='ltr'><strong>iutnrem</strong></span> <span class='ocrx_word' id='word_1_227' title='bbox 492 4390 530 4444; x_wconf 85' lang='lat' dir='ltr'><strong>ud</strong></span> <span class='ocrx_word' id='word_1_228' title='bbox 544 4389 680 4460; x_wconf 83' lang='lat' dir='ltr'><strong>glorium.</strong></span> 
     </span>
     <span class='ocr_line' id='line_1_48' title="bbox 244 4479 536 4544; baseline 0.007 -14"><span class='ocrx_word' id='word_1_229' title='bbox 244 4483 349 4534; x_wconf 85' lang='lat' dir='ltr'><strong>tteutus</strong></span> <span class='ocrx_word' id='word_1_230' title='bbox 367 4479 536 4544; x_wconf 86' lang='lat' dir='ltr'><strong>Jnnrrerius,</strong></span> 
     </span>
     <span class='ocr_line' id='line_1_49' title="bbox 209 4569 561 4642; baseline 0 -18"><span class='ocrx_word' id='word_1_231' title='bbox 209 4569 447 4642; x_wconf 65' lang='lat' dir='ltr'><strong>Apellenque,</strong></span> <span class='ocrx_word' id='word_1_232' title='bbox 467 4569 561 4641; x_wconf 73' lang='lat' dir='ltr'><strong>ianua</strong></span> 
     </span>
     <span class='ocr_line' id='line_1_50' title="bbox 209 4658 570 4729; baseline -0.006 -13"><span class='ocrx_word' id='word_1_233' title='bbox 209 4659 259 4716; x_wconf 79' lang='lat' dir='ltr'><strong>list</strong></span> <span class='ocrx_word' id='word_1_234' title='bbox 273 4658 370 4726; x_wconf 85' lang='lat' dir='ltr'><strong>nobis,</strong></span> <span class='ocrx_word' id='word_1_235' title='bbox 382 4661 446 4729; x_wconf 85' lang='lat' dir='ltr'><strong>jam</strong></span> <span class='ocrx_word' id='word_1_236' title='bbox 459 4659 570 4728; x_wconf 84' lang='lat' dir='ltr'><strong>gaudio</strong></span> 
     </span>
     <span class='ocr_line' id='line_1_51' title="bbox 208 4745 578 4820; baseline -0.008 -15"><span class='ocrx_word' id='word_1_237' title='bbox 208 4747 287 4805; x_wconf 85' lang='lat' dir='ltr'><strong>Coelo</strong></span> <span class='ocrx_word' id='word_1_238' title='bbox 300 4746 436 4804; x_wconf 84' lang='lat' dir='ltr'><strong>iruurnnr</strong></span> <span class='ocrx_word' id='word_1_239' title='bbox 454 4745 578 4820; x_wconf 89' lang='lat' dir='ltr'><strong>optimo.</strong></span> 
     </span>
     <span class='ocr_line' id='line_1_52' title="bbox 244 4835 594 4908; baseline 0 -15"><span class='ocrx_word' id='word_1_240' title='bbox 244 4835 285 4894; x_wconf 81' lang='lat' dir='ltr'><strong>Cn</strong></span> <span class='ocrx_word' id='word_1_241' title='bbox 300 4837 444 4893; x_wconf 80' lang='lat' dir='ltr'><strong>martialis</strong></span> <span class='ocrx_word' id='word_1_242' title='bbox 460 4836 594 4908; x_wconf 83' lang='lat' dir='ltr'><strong>pervehit</strong></span> 
     </span>
     <span class='ocr_line' id='line_1_53' title="bbox 206 4924 614 4982; baseline -0.005 0"><span class='ocrx_word' id='word_1_243' title='bbox 206 4925 357 4982; x_wconf 87' lang='lat' dir='ltr'><strong>Ascensus</strong></span> <span class='ocrx_word' id='word_1_244' title='bbox 373 4925 460 4982; x_wconf 90' lang='lat' dir='ltr'><strong>almis</strong></span> <span class='ocrx_word' id='word_1_245' title='bbox 472 4924 614 4981; x_wconf 90' lang='lat' dir='ltr'><strong>omnibus</strong></span> 
     </span>
     <span class='ocr_line' id='line_1_54' title="bbox 207 5012 578 5085; baseline -0.003 -12"><span class='ocrx_word' id='word_1_246' title='bbox 207 5013 323 5073; x_wconf 75' lang='lat' dir='ltr'><strong>Sanctis</strong></span> <span class='ocrx_word' id='word_1_247' title='bbox 338 5013 389 5071; x_wconf 89' lang='lat' dir='ltr'><strong>Dei</strong></span> <span class='ocrx_word' id='word_1_248' title='bbox 400 5014 440 5071; x_wconf 92' lang='lat' dir='ltr'><strong>ad</strong></span> <span class='ocrx_word' id='word_1_249' title='bbox 452 5012 578 5085; x_wconf 87' lang='lat' dir='ltr'><strong>gloriam</strong></span> 
     </span>
     <span class='ocr_line' id='line_1_55' title="bbox 207 5101 595 5163; baseline -0.008 0"><span class='ocrx_word' id='word_1_250' title='bbox 207 5104 322 5163; x_wconf 84' lang='lat' dir='ltr'><strong>Caudet</strong></span> <span class='ocrx_word' id='word_1_251' title='bbox 336 5101 421 5162; x_wconf 76' lang='lat' dir='ltr'><strong>leatus</strong></span> <span class='ocrx_word' id='word_1_252' title='bbox 434 5104 595 5162; x_wconf 86' lang='lat' dir='ltr'><strong>consortio.</strong></span> 
     </span>
     <span class='ocr_line' id='line_1_56' title="bbox 240 5187 657 5252; baseline 0 -2"><span class='ocrx_word' id='word_1_253' title='bbox 240 5195 322 5250; x_wconf 84' lang='lat' dir='ltr'><strong>Tunc</strong></span> <span class='ocrx_word' id='word_1_254' title='bbox 336 5187 474 5252; x_wconf 72' lang='lat' dir='ltr'><strong>Martialis</strong></span> <span class='ocrx_word' id='word_1_255' title='bbox 494 5207 580 5250; x_wconf 88' lang='lat' dir='ltr'><strong>orsus</strong></span> <span class='ocrx_word' id='word_1_256' title='bbox 590 5196 635 5250; x_wconf 90' lang='lat' dir='ltr'><strong>est</strong></span> <span class='ocrx_word' id='word_1_257' title='bbox 650 5208 657 5250; x_wconf 90' lang='lat'>:</span> 
     </span>
     <span class='ocr_line' id='line_1_57' title="bbox 206 5273 627 5356; baseline 0.007 -19"><span class='ocrx_word' id='word_1_258' title='bbox 206 5273 329 5356; x_wconf 80' lang='lat' dir='ltr'><strong>Propter</strong></span> <span class='ocrx_word' id='word_1_259' title='bbox 339 5289 482 5340; x_wconf 66' lang='lat' dir='ltr'><strong>eternum</strong></span> <span class='ocrx_word' id='word_1_260' title='bbox 502 5282 627 5355; x_wconf 80' lang='lat' dir='ltr'><strong>gloriam</strong></span> 
     </span>
     <span class='ocr_line' id='line_1_58' title="bbox 208 5372 609 5438; baseline 0.002 -10"><span class='ocrx_word' id='word_1_261' title='bbox 208 5372 357 5429; x_wconf 86' lang='lat' dir='ltr'><strong>Debemus</strong></span> <span class='ocrx_word' id='word_1_262' title='bbox 370 5377 500 5429; x_wconf 79' lang='lat' dir='ltr'><strong>temnere</strong></span> <span class='ocrx_word' id='word_1_263' title='bbox 518 5373 609 5438; x_wconf 80' lang='lat' dir='ltr'><strong>idolo,</strong></span> 
     </span>
     <span class='ocr_line' id='line_1_59' title="bbox 208 5460 539 5520; baseline 0 0"><span class='ocrx_word' id='word_1_264' title='bbox 208 5461 241 5520; x_wconf 77' lang='lat' dir='ltr'><strong>lit</strong></span> <span class='ocrx_word' id='word_1_265' title='bbox 258 5460 369 5520; x_wconf 85' lang='lat' dir='ltr'><strong>tunicis</strong></span> <span class='ocrx_word' id='word_1_266' title='bbox 382 5461 539 5520; x_wconf 80' lang='lat' dir='ltr'><strong>saevitiem.</strong></span> 
     </span>
     <span class='ocr_line' id='line_1_60' title="bbox 243 5547 678 5627; baseline 0 -17"><span class='ocrx_word' id='word_1_267' title='bbox 243 5549 308 5611; x_wconf 89' lang='lat' dir='ltr'><strong>tiox</strong></span> <span class='ocrx_word' id='word_1_268' title='bbox 321 5549 427 5610; x_wconf 83' lang='lat' dir='ltr'><strong>Prosae</strong></span> <span class='ocrx_word' id='word_1_269' title='bbox 440 5549 532 5627; x_wconf 90' lang='lat' dir='ltr'><strong>coepit</strong></span> <span class='ocrx_word' id='word_1_270' title='bbox 543 5547 678 5611; x_wconf 63' lang='lat' dir='ltr'><strong>minere.</strong></span> 
     </span>
     <span class='ocr_line' id='line_1_61' title="bbox 249 5639 540 5699; baseline 0.017 -5"><span class='ocrx_word' id='word_1_271' title='bbox 249 5639 371 5699; x_wconf 77' lang='lat' dir='ltr'><strong>Panos.</strong></span> <span class='ocrx_word' id='word_1_272' title='bbox 390 5639 540 5699; x_wconf 74' lang='lat' dir='ltr'><strong>lxxxvi.</strong></span> 
     </span>
    </p>
   </div>
   <div class='ocr_carea' id='block_1_3' title="bbox 1081 390 1622 3913">
    <p class='ocr_par' dir='ltr' id='par_1_10' title="bbox 1081 390 1622 3913">
     <span class='ocr_line' id='line_1_62' title="bbox 1081 390 1475 468; baseline 0.023 -22"><span class='ocrx_word' id='word_1_273' title='bbox 1081 390 1200 462; x_wconf 83' lang='lat' dir='ltr'><strong>Dentes,</strong></span> <span class='ocrx_word' id='word_1_274' title='bbox 1219 409 1319 468; x_wconf 83' lang='lat' dir='ltr'><strong>nares,</strong></span> <span class='ocrx_word' id='word_1_275' title='bbox 1334 391 1475 456; x_wconf 71' lang='lat' dir='ltr'><strong>auricula</strong></span> 
     </span>
     <span class='ocr_line' id='line_1_63' title="bbox 1084 478 1433 559; baseline 0.02 -23"><span class='ocrx_word' id='word_1_276' title='bbox 1084 478 1189 550; x_wconf 82' lang='lat' dir='ltr'><strong>lehre,</strong></span> <span class='ocrx_word' id='word_1_277' title='bbox 1206 483 1258 542; x_wconf 88' lang='lat' dir='ltr'><strong>sed</strong></span> <span class='ocrx_word' id='word_1_278' title='bbox 1275 486 1433 559; x_wconf 87' lang='lat' dir='ltr'><strong>supercilia</strong></span> 
     </span>
     <span class='ocr_line' id='line_1_64' title="bbox 1084 566 1495 643; baseline 0.019 -18"><span class='ocrx_word' id='word_1_279' title='bbox 1084 566 1199 626; x_wconf 86' lang='lat' dir='ltr'><strong>Sanctis</strong></span> <span class='ocrx_word' id='word_1_280' title='bbox 1205 570 1216 643; x_wconf 76' lang='lat' dir='ltr'><strong>l</strong></span> <span class='ocrx_word' id='word_1_281' title='bbox 1224 570 1300 631; x_wconf 89' lang='lat' dir='ltr'><strong>ussit</strong></span> <span class='ocrx_word' id='word_1_282' title='bbox 1312 572 1495 635; x_wconf 76' lang='lat' dir='ltr'><strong>abscindere.</strong></span> 
     </span>
     <span class='ocr_line' id='line_1_65' title="bbox 1119 658 1519 739; baseline 0.03 -26"><span class='ocrx_word' id='word_1_283' title='bbox 1119 658 1261 732; x_wconf 84' lang='lat' dir='ltr'><strong>inquiunt</strong></span> <span class='ocrx_word' id='word_1_284' title='bbox 1269 660 1341 719; x_wconf 86' lang='lat' dir='ltr'><strong>elmi</strong></span> <span class='ocrx_word' id='word_1_285' title='bbox 1356 664 1497 739; x_wconf 79' lang='lat' dir='ltr'><strong>tlartyres</strong></span> <span class='ocrx_word' id='word_1_286' title='bbox 1513 686 1519 727; x_wconf 94' lang='lat'>:</span> 
     </span>
     <span class='ocr_line' id='line_1_66' title="bbox 1082 746 1493 828; baseline 0.032 -27"><span class='ocrx_word' id='word_1_287' title='bbox 1082 746 1180 805; x_wconf 81' lang='lat' dir='ltr'><strong>ludex</strong></span> <span class='ocrx_word' id='word_1_288' title='bbox 1192 746 1297 825; x_wconf 87' lang='lat' dir='ltr'><strong>inique</strong></span> <span class='ocrx_word' id='word_1_289' title='bbox 1310 757 1340 809; x_wconf 92' lang='lat' dir='ltr'><strong>et</strong></span> <span class='ocrx_word' id='word_1_290' title='bbox 1351 754 1493 828; x_wconf 90' lang='lat' dir='ltr'><strong>pessime,</strong></span> 
     </span>
     <span class='ocr_line' id='line_1_67' title="bbox 1084 834 1452 901; baseline 0.024 -9"><span class='ocrx_word' id='word_1_291' title='bbox 1084 834 1192 894; x_wconf 79' lang='lat' dir='ltr'><strong>Servos</strong></span> <span class='ocrx_word' id='word_1_292' title='bbox 1202 837 1255 895; x_wconf 91' lang='lat' dir='ltr'><strong>Dei</strong></span> <span class='ocrx_word' id='word_1_293' title='bbox 1267 854 1321 898; x_wconf 92' lang='lat' dir='ltr'><strong>cur</strong></span> <span class='ocrx_word' id='word_1_294' title='bbox 1334 839 1452 901; x_wconf 81' lang='lat' dir='ltr'><strong>siticist</strong></span> 
     </span>
     <span class='ocr_line' id='line_1_68' title="bbox 1084 922 1498 1007; baseline 0.024 -28"><span class='ocrx_word' id='word_1_295' title='bbox 1084 923 1143 981; x_wconf 89' lang='lat' dir='ltr'><strong>Cur</strong></span> <span class='ocrx_word' id='word_1_296' title='bbox 1155 922 1249 985; x_wconf 88' lang='lat' dir='ltr'><strong>lalsos</strong></span> <span class='ocrx_word' id='word_1_297' title='bbox 1259 926 1335 986; x_wconf 87' lang='lat' dir='ltr'><strong>deos</strong></span> <span class='ocrx_word' id='word_1_298' title='bbox 1348 930 1498 1007; x_wconf 80' lang='lat' dir='ltr'><strong>suscipis?</strong></span> 
     </span>
     <span class='ocr_line' id='line_1_69' title="bbox 1120 1012 1479 1093; baseline 0.025 -24"><span class='ocrx_word' id='word_1_299' title='bbox 1120 1012 1230 1073; x_wconf 78' lang='lat' dir='ltr'><strong>Furore</strong></span> <span class='ocrx_word' id='word_1_300' title='bbox 1241 1018 1314 1075; x_wconf 85' lang='lat' dir='ltr'><strong>tunc</strong></span> <span class='ocrx_word' id='word_1_301' title='bbox 1322 1020 1479 1093; x_wconf 67' lang='lat' dir='ltr'><strong>iyrunnus</strong></span> 
     </span>
     <span class='ocr_line' id='line_1_70' title="bbox 1084 1103 1499 1181; baseline 0.024 -23"><span class='ocrx_word' id='word_1_302' title='bbox 1084 1103 1251 1177; x_wconf 87' lang='lat' dir='ltr'><strong>Accensus;</strong></span> <span class='ocrx_word' id='word_1_303' title='bbox 1265 1105 1363 1181; x_wconf 87' lang='lat' dir='ltr'><strong>inquit</strong></span> <span class='ocrx_word' id='word_1_304' title='bbox 1377 1125 1384 1165; x_wconf 91' lang='lat'><strong>:</strong></span> <span class='ocrx_word' id='word_1_305' title='bbox 1401 1108 1499 1168; x_wconf 83' lang='lat' dir='ltr'><strong>liittite</strong></span> 
     </span>
     <span class='ocr_line' id='line_1_71' title="bbox 1084 1190 1435 1263; baseline 0.031 -18"><span class='ocrx_word' id='word_1_306' title='bbox 1084 1190 1117 1246; x_wconf 93' lang='lat' dir='ltr'><strong>ln</strong></span> <span class='ocrx_word' id='word_1_307' title='bbox 1131 1190 1199 1263; x_wconf 84' lang='lat' dir='ltr'><strong>igne</strong></span> <span class='ocrx_word' id='word_1_308' title='bbox 1211 1193 1303 1263; x_wconf 88' lang='lat' dir='ltr'><strong>istos;</strong></span> <span class='ocrx_word' id='word_1_309' title='bbox 1318 1194 1435 1256; x_wconf 83' lang='lat' dir='ltr'><strong>monite</strong></span> 
     </span>
     <span class='ocr_line' id='line_1_72' title="bbox 1086 1278 1544 1357; baseline 0.028 -22"><span class='ocrx_word' id='word_1_310' title='bbox 1086 1278 1142 1345; x_wconf 84' lang='lat' dir='ltr'><strong>Dui</strong></span> <span class='ocrx_word' id='word_1_311' title='bbox 1160 1286 1264 1341; x_wconf 82' lang='lat' dir='ltr'><strong>nostra</strong></span> <span class='ocrx_word' id='word_1_312' title='bbox 1276 1284 1388 1343; x_wconf 85' lang='lat' dir='ltr'><strong>nudent</strong></span> <span class='ocrx_word' id='word_1_313' title='bbox 1399 1291 1544 1357; x_wconf 89' lang='lat' dir='ltr'><strong>temnere,</strong></span> 
     </span>
     <span class='ocr_line' id='line_1_73' title="bbox 1118 1368 1526 1447; baseline 0.025 -23"><span class='ocrx_word' id='word_1_314' title='bbox 1118 1368 1214 1426; x_wconf 85' lang='lat' dir='ltr'><strong>ludex</strong></span> <span class='ocrx_word' id='word_1_315' title='bbox 1226 1368 1329 1446; x_wconf 89' lang='lat' dir='ltr'><strong>inique</strong></span> <span class='ocrx_word' id='word_1_316' title='bbox 1340 1379 1370 1431; x_wconf 90' lang='lat' dir='ltr'><strong>et</strong></span> <span class='ocrx_word' id='word_1_317' title='bbox 1383 1374 1526 1447; x_wconf 85' lang='lat' dir='ltr'><strong>pessime,</strong></span> 
     </span>
     <span class='ocr_line' id='line_1_74' title="bbox 1087 1454 1463 1523; baseline 0.029 -11"><span class='ocrx_word' id='word_1_318' title='bbox 1087 1454 1196 1515; x_wconf 74' lang='lat' dir='ltr'><strong>Serum</strong></span> <span class='ocrx_word' id='word_1_319' title='bbox 1210 1456 1261 1516; x_wconf 87' lang='lat' dir='ltr'><strong>Del</strong></span> <span class='ocrx_word' id='word_1_320' title='bbox 1275 1474 1328 1517; x_wconf 89' lang='lat' dir='ltr'><strong>cur</strong></span> <span class='ocrx_word' id='word_1_321' title='bbox 1340 1461 1463 1523; x_wconf 82' lang='lat' dir='ltr'><strong>allicis?</strong></span> 
     </span>
     <span class='ocr_line' id='line_1_75' title="bbox 1085 1544 1474 1622; baseline 0.026 -21"><span class='ocrx_word' id='word_1_322' title='bbox 1085 1544 1143 1602; x_wconf 91' lang='lat' dir='ltr'><strong>Cur</strong></span> <span class='ocrx_word' id='word_1_323' title='bbox 1151 1560 1230 1606; x_wconf 83' lang='lat' dir='ltr'><strong>vana</strong></span> <span class='ocrx_word' id='word_1_324' title='bbox 1241 1547 1386 1622; x_wconf 81' lang='lat' dir='ltr'><strong>protenus</strong></span> <span class='ocrx_word' id='word_1_325' title='bbox 1399 1552 1474 1611; x_wconf 86' lang='lat' dir='ltr'><strong>colis</strong></span> 
     </span>
     <span class='ocr_line' id='line_1_76' title="bbox 1085 1632 1491 1713; baseline 0.025 -24"><span class='ocrx_word' id='word_1_326' title='bbox 1085 1632 1222 1707; x_wconf 73' lang='lat' dir='ltr'><strong>Deosqm</strong></span> <span class='ocrx_word' id='word_1_327' title='bbox 1235 1634 1328 1695; x_wconf 88' lang='lat' dir='ltr'><strong>iatsos</strong></span> <span class='ocrx_word' id='word_1_328' title='bbox 1340 1640 1491 1713; x_wconf 77' lang='lat' dir='ltr'><strong>suscipis?</strong></span> 
     </span>
     <span class='ocr_line' id='line_1_77' title="bbox 1137 1722 1497 1802; baseline 0.025 -25"><span class='ocrx_word' id='word_1_329' title='bbox 1137 1722 1250 1781; x_wconf 85' lang='lat' dir='ltr'><strong>intrant</strong></span> <span class='ocrx_word' id='word_1_330' title='bbox 1262 1723 1343 1784; x_wconf 89' lang='lat' dir='ltr'><strong>beati</strong></span> <span class='ocrx_word' id='word_1_331' title='bbox 1357 1728 1497 1802; x_wconf 79' lang='lat' dir='ltr'><strong>tlartyres</strong></span> 
     </span>
     <span class='ocr_line' id='line_1_78' title="bbox 1085 1808 1522 1885; baseline 0.023 -19"><span class='ocrx_word' id='word_1_332' title='bbox 1085 1808 1156 1867; x_wconf 65' lang='lat' dir='ltr'><strong>laeti</strong></span> <span class='ocrx_word' id='word_1_333' title='bbox 1169 1812 1340 1885; x_wconf 87' lang='lat' dir='ltr'><strong>caminum;</strong></span> <span class='ocrx_word' id='word_1_334' title='bbox 1357 1816 1522 1876; x_wconf 91' lang='lat' dir='ltr'><strong>concinunt</strong></span> 
     </span>
     <span class='ocr_line' id='line_1_79' title="bbox 1084 1898 1528 1977; baseline 0.027 -23"><span class='ocrx_word' id='word_1_335' title='bbox 1084 1898 1238 1972; x_wconf 79' lang='lat' dir='ltr'><strong>llymnum</strong></span> <span class='ocrx_word' id='word_1_336' title='bbox 1250 1900 1321 1977; x_wconf 87' lang='lat' dir='ltr'><strong>Deo,</strong></span> <span class='ocrx_word' id='word_1_337' title='bbox 1336 1910 1366 1963; x_wconf 86' lang='lat' dir='ltr'><strong>et</strong></span> <span class='ocrx_word' id='word_1_338' title='bbox 1378 1908 1528 1965; x_wconf 91' lang='lat' dir='ltr'><strong>canticum</strong></span> 
     </span>
     <span class='ocr_line' id='line_1_80' title="bbox 1084 1989 1489 2064; baseline 0.02 -18"><span class='ocrx_word' id='word_1_339' title='bbox 1084 1989 1198 2047; x_wconf 81' lang='lat' dir='ltr'><strong>Novum</strong></span> <span class='ocrx_word' id='word_1_340' title='bbox 1212 1990 1269 2064; x_wconf 88' lang='lat' dir='ltr'><strong>piis</strong></span> <span class='ocrx_word' id='word_1_341' title='bbox 1281 1995 1489 2054; x_wconf 88' lang='lat' dir='ltr'><strong>concentibus.</strong></span> 
     </span>
     <span class='ocr_line' id='line_1_81' title="bbox 1137 2076 1517 2158; baseline 0.018 -23"><span class='ocrx_word' id='word_1_342' title='bbox 1137 2076 1263 2152; x_wconf 74' lang='lat' dir='ltr'><strong>Abiecta</strong></span> <span class='ocrx_word' id='word_1_343' title='bbox 1277 2082 1377 2141; x_wconf 87' lang='lat' dir='ltr'><strong>carnis</strong></span> <span class='ocrx_word' id='word_1_344' title='bbox 1388 2086 1517 2158; x_wconf 89' lang='lat' dir='ltr'><strong>sercina,</strong></span> 
     </span>
     <span class='ocr_line' id='line_1_82' title="bbox 1085 2166 1516 2246; baseline 0.019 -23"><span class='ocrx_word' id='word_1_345' title='bbox 1085 2166 1198 2225; x_wconf 78' lang='lat' dir='ltr'><strong>liittunt</strong></span> <span class='ocrx_word' id='word_1_346' title='bbox 1208 2168 1238 2225; x_wconf 90' lang='lat' dir='ltr'><strong>in</strong></span> <span class='ocrx_word' id='word_1_347' title='bbox 1249 2171 1342 2229; x_wconf 89' lang='lat' dir='ltr'><strong>Astris</strong></span> <span class='ocrx_word' id='word_1_348' title='bbox 1354 2172 1491 2246; x_wconf 87' lang='lat' dir='ltr'><strong>spiritum</strong></span> <span class='ocrx_word' id='word_1_349' title='bbox 1507 2190 1516 2230; x_wconf 76' lang='lat' dir='ltr'><strong>t</strong></span> 
     </span>
     <span class='ocr_line' id='line_1_83' title="bbox 1085 2252 1622 2339; baseline 0.02 -28"><span class='ocrx_word' id='word_1_350' title='bbox 1085 2252 1235 2315; x_wconf 85' lang='lat' dir='ltr'><strong>Christum</strong></span> <span class='ocrx_word' id='word_1_351' title='bbox 1248 2257 1361 2325; x_wconf 82' lang='lat' dir='ltr'><strong>rident,</strong></span> <span class='ocrx_word' id='word_1_352' title='bbox 1374 2276 1466 2334; x_wconf 85' lang='lat' dir='ltr'><strong>quem</strong></span> <span class='ocrx_word' id='word_1_353' title='bbox 1481 2261 1622 2339; x_wconf 80' lang='lat' dir='ltr'><strong>diligunt,</strong></span> 
     </span>
     <span class='ocr_line' id='line_1_84' title="bbox 1086 2343 1486 2422; baseline 0.025 -21"><span class='ocrx_word' id='word_1_354' title='bbox 1086 2343 1187 2402; x_wconf 87' lang='lat' dir='ltr'><strong>Sancti</strong></span> <span class='ocrx_word' id='word_1_355' title='bbox 1208 2344 1259 2403; x_wconf 88' lang='lat' dir='ltr'><strong>Dei</strong></span> <span class='ocrx_word' id='word_1_356' title='bbox 1273 2362 1343 2405; x_wconf 90' lang='lat' dir='ltr'><strong>cum</strong></span> <span class='ocrx_word' id='word_1_357' title='bbox 1355 2347 1486 2422; x_wconf 75' lang='lat' dir='ltr'><strong>Angelis.</strong></span> 
     </span>
     <span class='ocr_line' id='line_1_85' title="bbox 1121 2434 1530 2508; baseline 0.02 -18"><span class='ocrx_word' id='word_1_358' title='bbox 1121 2434 1220 2503; x_wconf 87' lang='lat' dir='ltr'><strong>Orate,</strong></span> <span class='ocrx_word' id='word_1_359' title='bbox 1233 2434 1344 2505; x_wconf 79' lang='lat' dir='ltr'><strong>Sancti,</strong></span> <span class='ocrx_word' id='word_1_360' title='bbox 1365 2438 1405 2495; x_wconf 90' lang='lat' dir='ltr'><strong>ed</strong></span> <span class='ocrx_word' id='word_1_361' title='bbox 1416 2439 1511 2497; x_wconf 92' lang='lat' dir='ltr'><strong>Deum</strong></span> <span class='ocrx_word' id='word_1_362' title='bbox 1523 2457 1530 2508; x_wconf 93' lang='lat'>;</span> 
     </span>
     <span class='ocr_line' id='line_1_86' title="bbox 1085 2522 1434 2596; baseline 0.017 -18"><span class='ocrx_word' id='word_1_363' title='bbox 1085 2522 1219 2596; x_wconf 90' lang='lat' dir='ltr'><strong>liepellet</strong></span> <span class='ocrx_word' id='word_1_364' title='bbox 1228 2525 1287 2582; x_wconf 90' lang='lat' dir='ltr'><strong>cite</strong></span> <span class='ocrx_word' id='word_1_365' title='bbox 1297 2532 1330 2582; x_wconf 94' lang='lat' dir='ltr'><strong>ut</strong></span> <span class='ocrx_word' id='word_1_366' title='bbox 1341 2527 1434 2596; x_wconf 88' lang='lat' dir='ltr'><strong>mels,</strong></span> 
     </span>
     <span class='ocr_line' id='line_1_87' title="bbox 1086 2607 1480 2681; baseline 0.018 -15"><span class='ocrx_word' id='word_1_367' title='bbox 1086 2607 1122 2667; x_wconf 80' lang='lat' dir='ltr'><strong>Dt</strong></span> <span class='ocrx_word' id='word_1_368' title='bbox 1135 2610 1268 2669; x_wconf 82' lang='lat' dir='ltr'><strong>conteret</strong></span> <span class='ocrx_word' id='word_1_369' title='bbox 1280 2615 1368 2670; x_wconf 87' lang='lat' dir='ltr'><strong>nobis</strong></span> <span class='ocrx_word' id='word_1_370' title='bbox 1386 2615 1480 2681; x_wconf 87' lang='lat' dir='ltr'><strong>bone,</strong></span> 
     </span>
     <span class='ocr_line' id='line_1_88' title="bbox 1084 2696 1549 2774; baseline 0.011 -20"><span class='ocrx_word' id='word_1_371' title='bbox 1084 2696 1238 2773; x_wconf 90' lang='lat' dir='ltr'><strong>Donetque</strong></span> <span class='ocrx_word' id='word_1_372' title='bbox 1251 2714 1358 2774; x_wconf 78' lang='lat' dir='ltr'><strong>pacem</strong></span> <span class='ocrx_word' id='word_1_373' title='bbox 1371 2716 1549 2773; x_wconf 90' lang='lat' dir='ltr'><strong>congruam.</strong></span> 
     </span>
     <span class='ocr_line' id='line_1_89' title="bbox 1120 2784 1547 2864; baseline 0.009 -21"><span class='ocrx_word' id='word_1_374' title='bbox 1120 2784 1291 2859; x_wconf 84' lang='lat' dir='ltr'><strong>Precamur,</strong></span> <span class='ocrx_word' id='word_1_375' title='bbox 1307 2786 1380 2847; x_wconf 83' lang='lat' dir='ltr'><strong>alnd</strong></span> <span class='ocrx_word' id='word_1_376' title='bbox 1395 2793 1547 2864; x_wconf 69' lang='lat' dir='ltr'><strong>Hartyres,</strong></span> 
     </span>
     <span class='ocr_line' id='line_1_90' title="bbox 1084 2873 1550 2949; baseline 0.013 -19"><span class='ocrx_word' id='word_1_377' title='bbox 1084 2873 1139 2932; x_wconf 85' lang='lat' dir='ltr'><strong>Per</strong></span> <span class='ocrx_word' id='word_1_378' title='bbox 1153 2876 1251 2934; x_wconf 90' lang='lat' dir='ltr'><strong>Unam</strong></span> <span class='ocrx_word' id='word_1_379' title='bbox 1266 2881 1296 2934; x_wconf 90' lang='lat' dir='ltr'><strong>et</strong></span> <span class='ocrx_word' id='word_1_380' title='bbox 1306 2878 1428 2936; x_wconf 83' lang='lat' dir='ltr'><strong>&#39;irinum</strong></span> <span class='ocrx_word' id='word_1_381' title='bbox 1440 2880 1529 2936; x_wconf 88' lang='lat' dir='ltr'><strong>Deum</strong></span> <span class='ocrx_word' id='word_1_382' title='bbox 1541 2892 1550 2949; x_wconf 90' lang='lat'>;</span> 
     </span>
     <span class='ocr_line' id='line_1_91' title="bbox 1085 2963 1463 3041; baseline 0.016 -22"><span class='ocrx_word' id='word_1_383' title='bbox 1085 2963 1187 3041; x_wconf 85' lang='lat' dir='ltr'><strong>Dirum</strong></span> <span class='ocrx_word' id='word_1_384' title='bbox 1202 2968 1235 3021; x_wconf 91' lang='lat' dir='ltr'><strong>ut</strong></span> <span class='ocrx_word' id='word_1_385' title='bbox 1247 2964 1356 3038; x_wconf 85' lang='lat' dir='ltr'><strong>jugum</strong></span> <span class='ocrx_word' id='word_1_386' title='bbox 1369 2966 1463 3036; x_wconf 90' lang='lat' dir='ltr'><strong>ocius,</strong></span> 
     </span>
     <span class='ocr_line' id='line_1_92' title="bbox 1085 3052 1520 3129; baseline 0.016 -20"><span class='ocrx_word' id='word_1_387' title='bbox 1085 3052 1173 3120; x_wconf 84' lang='lat' dir='ltr'><strong>Duod</strong></span> <span class='ocrx_word' id='word_1_388' title='bbox 1185 3054 1379 3129; x_wconf 84' lang='lat' dir='ltr'><strong>sustinemus,</strong></span> <span class='ocrx_word' id='word_1_389' title='bbox 1393 3056 1520 3117; x_wconf 86' lang='lat' dir='ltr'><strong>auferet.</strong></span> 
     </span>
     <span class='ocr_line' id='line_1_93' title="bbox 1120 3142 1504 3220; baseline 0.01 -20"><span class='ocrx_word' id='word_1_390' title='bbox 1120 3142 1256 3201; x_wconf 81' lang='lat' dir='ltr'><strong>Clemens</strong></span> <span class='ocrx_word' id='word_1_391' title='bbox 1266 3145 1344 3204; x_wconf 91' lang='lat' dir='ltr'><strong>Deus</strong></span> <span class='ocrx_word' id='word_1_392' title='bbox 1355 3148 1504 3220; x_wconf 87' lang='lat' dir='ltr'><strong>propitius</strong></span> 
     </span>
     <span class='ocr_line' id='line_1_94' title="bbox 1086 3231 1420 3302; baseline 0.006 -13"><span class='ocrx_word' id='word_1_393' title='bbox 1086 3231 1229 3290; x_wconf 88' lang='lat' dir='ltr'><strong>Solatium</strong></span> <span class='ocrx_word' id='word_1_394' title='bbox 1244 3234 1420 3302; x_wconf 83' lang='lat' dir='ltr'><strong>virentibus,</strong></span> 
     </span>
     <span class='ocr_line' id='line_1_95' title="bbox 1088 3321 1409 3380; baseline 0.009 -5"><span class='ocrx_word' id='word_1_395' title='bbox 1088 3321 1122 3377; x_wconf 84' lang='lat' dir='ltr'><strong>lit</strong></span> <span class='ocrx_word' id='word_1_396' title='bbox 1131 3321 1258 3378; x_wconf 89' lang='lat' dir='ltr'><strong>mortuis</strong></span> <span class='ocrx_word' id='word_1_397' title='bbox 1267 3321 1409 3380; x_wconf 81' lang='lat' dir='ltr'><strong>fidelibus</strong></span> 
     </span>
     <span class='ocr_line' id='line_1_96' title="bbox 1088 3407 1455 3471; baseline 0.014 -6"><span class='ocrx_word' id='word_1_398' title='bbox 1088 3407 1164 3466; x_wconf 82' lang='lat' dir='ltr'><strong>Loca</strong></span> <span class='ocrx_word' id='word_1_399' title='bbox 1175 3424 1296 3468; x_wconf 81' lang='lat' dir='ltr'><strong>amoena</strong></span> <span class='ocrx_word' id='word_1_400' title='bbox 1310 3411 1455 3471; x_wconf 86' lang='lat' dir='ltr'><strong>conterat.</strong></span> 
     </span>
     <span class='ocr_line' id='line_1_97' title="bbox 1121 3497 1500 3574; baseline 0.013 -20"><span class='ocrx_word' id='word_1_401' title='bbox 1121 3497 1240 3565; x_wconf 71' lang='lat' dir='ltr'><strong>l’roesta,</strong></span> <span class='ocrx_word' id='word_1_402' title='bbox 1255 3499 1340 3557; x_wconf 88' lang='lat' dir='ltr'><strong>Pater</strong></span> <span class='ocrx_word' id='word_1_403' title='bbox 1353 3499 1500 3574; x_wconf 86' lang='lat' dir='ltr'><strong>piissima,</strong></span> 
     </span>
     <span class='ocr_line' id='line_1_98' title="bbox 1087 3585 1472 3662; baseline 0.013 -20"><span class='ocrx_word' id='word_1_404' title='bbox 1087 3585 1222 3659; x_wconf 83' lang='lat' dir='ltr'><strong>Prtriquc</strong></span> <span class='ocrx_word' id='word_1_405' title='bbox 1235 3603 1358 3662; x_wconf 87' lang='lat' dir='ltr'><strong>compar</strong></span> <span class='ocrx_word' id='word_1_406' title='bbox 1373 3590 1472 3658; x_wconf 87' lang='lat' dir='ltr'><strong>Unice,</strong></span> 
     </span>
     <span class='ocr_line' id='line_1_99' title="bbox 1086 3675 1442 3750; baseline 0.017 -19"><span class='ocrx_word' id='word_1_407' title='bbox 1086 3675 1161 3733; x_wconf 91' lang='lat' dir='ltr'><strong>Cum</strong></span> <span class='ocrx_word' id='word_1_408' title='bbox 1175 3678 1284 3750; x_wconf 84' lang='lat' dir='ltr'><strong>Spiritu</strong></span> <span class='ocrx_word' id='word_1_409' title='bbox 1298 3679 1442 3737; x_wconf 82' lang='lat' dir='ltr'><strong>Paractitc</strong></span> 
     </span>
     <span class='ocr_line' id='line_1_100' title="bbox 1087 3762 1568 3840; baseline 0.012 -20"><span class='ocrx_word' id='word_1_410' title='bbox 1087 3762 1229 3836; x_wconf 78' lang='lat' dir='ltr'><strong>hagnons</strong></span> <span class='ocrx_word' id='word_1_411' title='bbox 1242 3780 1296 3840; x_wconf 89' lang='lat' dir='ltr'><strong>per</strong></span> <span class='ocrx_word' id='word_1_412' title='bbox 1309 3782 1400 3825; x_wconf 91' lang='lat' dir='ltr'><strong>omne</strong></span> <span class='ocrx_word' id='word_1_413' title='bbox 1413 3767 1568 3826; x_wconf 73' lang='lat' dir='ltr'><strong>saeculum.</strong></span> 
     </span>
     <span class='ocr_line' id='line_1_101' title="bbox 1123 3857 1231 3913; baseline 0.037 -4"><span class='ocrx_word' id='word_1_414' title='bbox 1123 3857 1231 3913; x_wconf 82' lang='lat' dir='ltr'><strong>Amem</strong></span> 
     </span>
    </p>
   </div>
   <div class='ocr_carea' id='block_1_4' title="bbox 943 3937 1883 5627">
    <p class='ocr_par' dir='ltr' id='par_1_11' title="bbox 981 3937 1807 4087">
     <span class='ocr_line' id='line_1_102' title="bbox 1015 3937 1807 4014; baseline 0.011 -17"><span class='ocrx_word' id='word_1_415' title='bbox 1015 3937 1212 4013; x_wconf 81' lang='lat' dir='ltr'><strong>supplicatio.</strong></span> <span class='ocrx_word' id='word_1_416' title='bbox 1240 3944 1376 4010; x_wconf 82' lang='lat' dir='ltr'><strong>oremus,</strong></span> <span class='ocrx_word' id='word_1_417' title='bbox 1398 3945 1522 4004; x_wconf 79' lang='lat' dir='ltr'><strong>mutatis</strong></span> <span class='ocrx_word' id='word_1_418' title='bbox 1544 3944 1724 4014; x_wconf 80' lang='lat' dir='ltr'><strong>nominibus,</strong></span> <span class='ocrx_word' id='word_1_419' title='bbox 1748 3945 1807 4009; x_wconf 74' lang='lat' dir='ltr'><strong>tol.</strong></span> 
     </span>
     <span class='ocr_line' id='line_1_103' title="bbox 981 4043 1125 4087; baseline 0 0"><span class='ocrx_word' id='word_1_420' title='bbox 981 4043 1125 4087; x_wconf 79' lang='lat' dir='ltr'><strong>cxxxxvii.</strong></span> 
     </span>
    </p>

    <p class='ocr_par' dir='ltr' id='par_1_12' title="bbox 980 4117 1814 4367">
     <span class='ocr_line' id='line_1_104' title="bbox 1016 4117 1813 4198; baseline 0.011 -22"><span class='ocrx_word' id='word_1_421' title='bbox 1016 4117 1165 4192; x_wconf 75' lang='lat' dir='ltr'><strong>Capitate.</strong></span> <span class='ocrx_word' id='word_1_422' title='bbox 1181 4117 1292 4176; x_wconf 79' lang='lat' dir='ltr'><strong>Christe</strong></span> <span class='ocrx_word' id='word_1_423' title='bbox 1306 4121 1357 4178; x_wconf 90' lang='lat' dir='ltr'><strong>Dei</strong></span> <span class='ocrx_word' id='word_1_424' title='bbox 1371 4120 1459 4179; x_wconf 81' lang='lat' dir='ltr'><strong>Filius</strong></span> <span class='ocrx_word' id='word_1_425' title='bbox 1481 4123 1657 4181; x_wconf 83' lang='lat' dir='ltr'><strong>Sanctorum</strong></span> <span class='ocrx_word' id='word_1_426' title='bbox 1672 4124 1766 4198; x_wconf 85' lang='lat' dir='ltr'><strong>glorio</strong></span> <span class='ocrx_word' id='word_1_427' title='bbox 1782 4128 1813 4186; x_wconf 89' lang='lat' dir='ltr'><strong>at</strong></span> 
     </span>
     <span class='ocr_line' id='line_1_105' title="bbox 980 4207 1811 4288; baseline 0.008 -24"><span class='ocrx_word' id='word_1_428' title='bbox 980 4209 1225 4281; x_wconf 79' lang='lat' dir='ltr'><strong>verallartyrum</strong></span> <span class='ocrx_word' id='word_1_429' title='bbox 1248 4207 1403 4268; x_wconf 86' lang='lat' dir='ltr'><strong>beatitudo</strong></span> <span class='ocrx_word' id='word_1_430' title='bbox 1425 4211 1686 4287; x_wconf 87' lang='lat' dir='ltr'><strong>remuneratioque</strong></span> <span class='ocrx_word' id='word_1_431' title='bbox 1701 4213 1811 4288; x_wconf 90' lang='lat' dir='ltr'><strong>sempi-</strong></span> 
     </span>
     <span class='ocr_line' id='line_1_106' title="bbox 983 4297 1814 4367; baseline 0.012 -14"><span class='ocrx_word' id='word_1_432' title='bbox 983 4297 1734 4367; x_wconf 83' lang='lat' dir='ltr'><strong>ternu;lldeliumtuorumalucriteradmemoriam</strong></span> <span class='ocrx_word' id='word_1_433' title='bbox 1742 4307 1814 4363; x_wconf 86' lang='lat' dir='ltr'><strong>liar.</strong></span> 
     </span>
    </p>

    <p class='ocr_par' dir='ltr' id='par_1_13' title="bbox 943 4391 1883 5627">
     <span class='ocr_line' id='line_1_107' title="bbox 943 4391 1813 4486; baseline 0.011 -44"><span class='ocrx_word' id='word_1_434' title='bbox 943 4430 966 4486; x_wconf 75' lang='lat' dir='ltr'>D</span> <span class='ocrx_word' id='word_1_435' title='bbox 982 4391 1082 4456; x_wconf 87' lang='lat' dir='ltr'><strong>tyrum</strong></span> <span class='ocrx_word' id='word_1_436' title='bbox 1097 4394 1216 4445; x_wconf 89' lang='lat' dir='ltr'><strong>tuorum</strong></span> <span class='ocrx_word' id='word_1_437' title='bbox 1226 4397 1467 4448; x_wconf 78' lang='lat' dir='ltr'><strong>concurrentium</strong></span> <span class='ocrx_word' id='word_1_438' title='bbox 1483 4395 1600 4467; x_wconf 66' lang='lat' dir='ltr'><strong>suscipe</strong></span> <span class='ocrx_word' id='word_1_439' title='bbox 1614 4401 1691 4460; x_wconf 84' lang='lat' dir='ltr'><strong>uota,</strong></span> <span class='ocrx_word' id='word_1_440' title='bbox 1702 4413 1720 4450; x_wconf 88' lang='lat' dir='ltr'><strong>u</strong></span> <span class='ocrx_word' id='word_1_441' title='bbox 1730 4409 1813 4469; x_wconf 85' lang='lat' dir='ltr'><strong>pres·</strong></span> 
     </span>
     <span class='ocr_line' id='line_1_108' title="bbox 981 4477 1812 4556; baseline 0.008 -24"><span class='ocrx_word' id='word_1_442' title='bbox 981 4477 1059 4532; x_wconf 87' lang='lat' dir='ltr'><strong>suris</strong></span> <span class='ocrx_word' id='word_1_443' title='bbox 1075 4477 1192 4542; x_wconf 67' lang='lat' dir='ltr'><strong>releves</strong></span> <span class='ocrx_word' id='word_1_444' title='bbox 1214 4484 1242 4534; x_wconf 91' lang='lat' dir='ltr'><strong>et</strong></span> <span class='ocrx_word' id='word_1_445' title='bbox 1268 4495 1287 4534; x_wconf 84' lang='lat' dir='ltr'><strong>u</strong></span> <span class='ocrx_word' id='word_1_446' title='bbox 1306 4480 1394 4535; x_wconf 82' lang='lat' dir='ltr'><strong>torius</strong></span> <span class='ocrx_word' id='word_1_447' title='bbox 1413 4493 1480 4537; x_wconf 82' lang='lat' dir='ltr'><strong>mue</strong></span> <span class='ocrx_word' id='word_1_448' title='bbox 1504 4485 1705 4542; x_wconf 84' lang='lat' dir='ltr'><strong>incommodis</strong></span> <span class='ocrx_word' id='word_1_449' title='bbox 1722 4491 1812 4556; x_wconf 81' lang='lat' dir='ltr'><strong>utque</strong></span> 
     </span>
     <span class='ocr_line' id='line_1_109' title="bbox 981 4564 1883 4642; baseline 0.004 -19"><span class='ocrx_word' id='word_1_450' title='bbox 981 4567 1134 4632; x_wconf 80' lang='lat' dir='ltr'><strong>serumuis,</strong></span> <span class='ocrx_word' id='word_1_451' title='bbox 1146 4564 1257 4639; x_wconf 79' lang='lat' dir='ltr'><strong>qubus</strong></span> <span class='ocrx_word' id='word_1_452' title='bbox 1269 4568 1353 4642; x_wconf 79' lang='lat' dir='ltr'><strong>plebs</strong></span> <span class='ocrx_word' id='word_1_453' title='bbox 1366 4577 1417 4625; x_wconf 85' lang='lat' dir='ltr'><strong>tue</strong></span> <span class='ocrx_word' id='word_1_454' title='bbox 1427 4571 1578 4641; x_wconf 82' lang='lat' dir='ltr'><strong>uillrgrtur,</strong></span> <span class='ocrx_word' id='word_1_455' title='bbox 1590 4575 1738 4642; x_wconf 83' lang='lat' dir='ltr'><strong>benignus</strong></span> <span class='ocrx_word' id='word_1_456' title='bbox 1747 4586 1813 4627; x_wconf 88' lang='lat' dir='ltr'><strong>aus·</strong></span> <span class='ocrx_word' id='word_1_457' title='bbox 1879 4628 1883 4634; x_wconf 71' lang='grc'><strong><em>,</em></strong></span> 
     </span>
     <span class='ocr_line' id='line_1_110' title="bbox 981 4653 1812 4730; baseline 0.002 -19"><span class='ocrx_word' id='word_1_458' title='bbox 981 4654 1077 4728; x_wconf 89' lang='lat' dir='ltr'><strong>pende</strong></span> <span class='ocrx_word' id='word_1_459' title='bbox 1087 4653 1217 4726; x_wconf 85' lang='lat' dir='ltr'><strong>flagella.</strong></span> <span class='ocrx_word' id='word_1_460' title='bbox 1235 4657 1277 4721; x_wconf 74' lang='lat' dir='ltr'><strong>lli,</strong></span> <span class='ocrx_word' id='word_1_461' title='bbox 1297 4656 1349 4729; x_wconf 78' lang='lat' dir='ltr'><strong>qui</strong></span> <span class='ocrx_word' id='word_1_462' title='bbox 1364 4656 1437 4715; x_wconf 93' lang='lat' dir='ltr'><strong>olim</strong></span> <span class='ocrx_word' id='word_1_463' title='bbox 1451 4660 1546 4716; x_wconf 84' lang='lat' dir='ltr'><strong>tribus</strong></span> <span class='ocrx_word' id='word_1_464' title='bbox 1561 4675 1592 4717; x_wconf 90' lang='lat' dir='ltr'><strong>rn</strong></span> <span class='ocrx_word' id='word_1_465' title='bbox 1604 4663 1719 4716; x_wconf 80' lang='lat' dir='ltr'><strong>canuno</strong></span> <span class='ocrx_word' id='word_1_466' title='bbox 1735 4657 1812 4730; x_wconf 88' lang='lat' dir='ltr'><strong>posi·</strong></span> 
     </span>
     <span class='ocr_line' id='line_1_111' title="bbox 980 4743 1812 4817; baseline 0.005 -16"><span class='ocrx_word' id='word_1_467' title='bbox 980 4743 1018 4801; x_wconf 87' lang='lat' dir='ltr'><strong>tis</strong></span> <span class='ocrx_word' id='word_1_468' title='bbox 1032 4745 1178 4802; x_wconf 87' lang='lat' dir='ltr'><strong>mediator</strong></span> <span class='ocrx_word' id='word_1_469' title='bbox 1187 4743 1328 4817; x_wconf 86' lang='lat' dir='ltr'><strong>existens,</strong></span> <span class='ocrx_word' id='word_1_470' title='bbox 1345 4761 1382 4803; x_wconf 93' lang='lat' dir='ltr'><strong>ne</strong></span> <span class='ocrx_word' id='word_1_471' title='bbox 1396 4750 1655 4815; x_wconf 78' lang='lat' dir='ltr'><strong>comburerentur,</strong></span> <span class='ocrx_word' id='word_1_472' title='bbox 1665 4745 1812 4805; x_wconf 85' lang='lat' dir='ltr'><strong>risibilem</strong></span> 
     </span>
     <span class='ocr_line' id='line_1_112' title="bbox 982 4833 1813 4900; baseline 0.001 -7"><span class='ocrx_word' id='word_1_473' title='bbox 982 4833 1129 4893; x_wconf 82' lang='lat' dir='ltr'><strong>extinxisti</strong></span> <span class='ocrx_word' id='word_1_474' title='bbox 1138 4833 1295 4892; x_wconf 81' lang='lat' dir='ltr'><strong>hommem</strong></span> <span class='ocrx_word' id='word_1_475' title='bbox 1307 4852 1314 4900; x_wconf 87' lang='grc'><strong>;</strong></span> <span class='ocrx_word' id='word_1_476' title='bbox 1327 4852 1407 4894; x_wconf 93' lang='lat' dir='ltr'><strong>nunc</strong></span> <span class='ocrx_word' id='word_1_477' title='bbox 1417 4835 1683 4894; x_wconf 82' lang='lat' dir='ltr'><strong>intervenientibus</strong></span> <span class='ocrx_word' id='word_1_478' title='bbox 1697 4836 1813 4895; x_wconf 88' lang='lat' dir='ltr'><strong>Sanctis</strong></span> 
     </span>
     <span class='ocr_line' id='line_1_113' title="bbox 982 4923 1813 4996; baseline 0.005 -17"><span class='ocrx_word' id='word_1_479' title='bbox 982 4923 1041 4980; x_wconf 87' lang='lat' dir='ltr'><strong>tuis</strong></span> <span class='ocrx_word' id='word_1_480' title='bbox 1063 4923 1253 4981; x_wconf 84' lang='lat' dir='ltr'><strong>exurentium</strong></span> <span class='ocrx_word' id='word_1_481' title='bbox 1278 4939 1336 4981; x_wconf 88' lang='lat' dir='ltr'><strong>noa</strong></span> <span class='ocrx_word' id='word_1_482' title='bbox 1350 4925 1492 4996; x_wconf 79' lang='lat' dir='ltr'><strong>extingue</strong></span> <span class='ocrx_word' id='word_1_483' title='bbox 1512 4923 1666 4982; x_wconf 87' lang='lat' dir='ltr'><strong>incendia.</strong></span> <span class='ocrx_word' id='word_1_484' title='bbox 1686 4926 1813 4983; x_wconf 80' lang='lat' dir='ltr'><strong>Faustus</strong></span> 
     </span>
     <span class='ocr_line' id='line_1_114' title="bbox 982 5011 1814 5088; baseline 0.002 -18"><span class='ocrx_word' id='word_1_485' title='bbox 982 5011 1122 5088; x_wconf 88' lang='lat' dir='ltr'><strong>precibus</strong></span> <span class='ocrx_word' id='word_1_486' title='bbox 1134 5013 1196 5071; x_wconf 86' lang='lat' dir='ltr'><strong>suis</strong></span> <span class='ocrx_word' id='word_1_487' title='bbox 1216 5013 1316 5072; x_wconf 77' lang='lat' dir='ltr'><strong>iaceat</strong></span> <span class='ocrx_word' id='word_1_488' title='bbox 1337 5015 1453 5070; x_wconf 87' lang='lat' dir='ltr'><strong>miseris</strong></span> <span class='ocrx_word' id='word_1_489' title='bbox 1467 5019 1495 5071; x_wconf 91' lang='lat' dir='ltr'><strong>et</strong></span> <span class='ocrx_word' id='word_1_490' title='bbox 1512 5013 1665 5088; x_wconf 87' lang='lat' dir='ltr'><strong>oppressis</strong></span> <span class='ocrx_word' id='word_1_491' title='bbox 1681 5015 1814 5073; x_wconf 82' lang='lat' dir='ltr'><strong>:tanue-</strong></span> 
     </span>
     <span class='ocr_line' id='line_1_115' title="bbox 983 5102 1815 5179; baseline 0.006 -20"><span class='ocrx_word' id='word_1_492' title='bbox 983 5102 1047 5160; x_wconf 89' lang='lat' dir='ltr'><strong>rius</strong></span> <span class='ocrx_word' id='word_1_493' title='bbox 1059 5102 1329 5179; x_wconf 86' lang='lat' dir='ltr'><strong>ducatoregregius</strong></span> <span class='ocrx_word' id='word_1_494' title='bbox 1339 5105 1454 5178; x_wconf 88' lang='lat' dir='ltr'><strong>aperiet</strong></span> <span class='ocrx_word' id='word_1_495' title='bbox 1464 5103 1552 5162; x_wconf 89' lang='lat' dir='ltr'><strong>nobis</strong></span> <span class='ocrx_word' id='word_1_496' title='bbox 1560 5103 1688 5176; x_wconf 83' lang='lat' dir='ltr'><strong>januam</strong></span> <span class='ocrx_word' id='word_1_497' title='bbox 1697 5104 1815 5164; x_wconf 82' lang='lat' dir='ltr'><strong>rirecoe·</strong></span> 
     </span>
     <span class='ocr_line' id='line_1_116' title="bbox 984 5191 1814 5267; baseline 0.001 -17"><span class='ocrx_word' id='word_1_498' title='bbox 984 5191 1068 5250; x_wconf 89' lang='lat' dir='ltr'><strong>lestis</strong></span> <span class='ocrx_word' id='word_1_499' title='bbox 1083 5209 1091 5250; x_wconf 72' lang='grc' dir='ltr'><strong><em>ε</em></strong></span> <span class='ocrx_word' id='word_1_500' title='bbox 1107 5191 1245 5250; x_wconf 72' lang='lat' dir='ltr'><strong>Dartialis</strong></span> <span class='ocrx_word' id='word_1_501' title='bbox 1266 5192 1399 5250; x_wconf 88' lang='lat' dir='ltr'><strong>obtineat</strong></span> <span class='ocrx_word' id='word_1_502' title='bbox 1425 5193 1547 5260; x_wconf 84' lang='lat' dir='ltr'><strong>meritis,</strong></span> <span class='ocrx_word' id='word_1_503' title='bbox 1570 5191 1714 5266; x_wconf 80' lang='lat' dir='ltr'><strong>quicquid</strong></span> <span class='ocrx_word' id='word_1_504' title='bbox 1728 5192 1814 5267; x_wconf 87' lang='lat' dir='ltr'><strong>plebe</strong></span> 
     </span>
     <span class='ocr_line' id='line_1_117' title="bbox 984 5283 1813 5357; baseline 0.006 -19"><span class='ocrx_word' id='word_1_505' title='bbox 984 5284 1110 5339; x_wconf 77' lang='lat' dir='ltr'><strong>alumne</strong></span> <span class='ocrx_word' id='word_1_506' title='bbox 1122 5289 1220 5339; x_wconf 90' lang='lat' dir='ltr'><strong>mente</strong></span> <span class='ocrx_word' id='word_1_507' title='bbox 1228 5283 1403 5341; x_wconf 83' lang='lat' dir='ltr'><strong>devotesibi</strong></span> <span class='ocrx_word' id='word_1_508' title='bbox 1415 5283 1477 5340; x_wconf 79' lang='lat' dir='ltr'><strong>lieri</strong></span> <span class='ocrx_word' id='word_1_509' title='bbox 1487 5287 1608 5357; x_wconf 89' lang='lat' dir='ltr'><strong>exoptat</strong></span> <span class='ocrx_word' id='word_1_510' title='bbox 1616 5297 1672 5356; x_wconf 93' lang='lat' dir='ltr'><strong>pro</strong></span> <span class='ocrx_word' id='word_1_511' title='bbox 1682 5283 1813 5343; x_wconf 87' lang='lat' dir='ltr'><strong>delictis:</strong></span> 
     </span>
     <span class='ocr_line' id='line_1_118' title="bbox 985 5373 1815 5447; baseline 0.001 -17"><span class='ocrx_word' id='word_1_512' title='bbox 985 5375 1017 5430; x_wconf 85' lang='lat' dir='ltr'><strong>trt</strong></span> <span class='ocrx_word' id='word_1_513' title='bbox 1027 5379 1223 5443; x_wconf 86' lang='lat' dir='ltr'><strong>utrorumque</strong></span> <span class='ocrx_word' id='word_1_514' title='bbox 1236 5373 1343 5432; x_wconf 70' lang='lat' dir='ltr'><strong>antemi</strong></span> <span class='ocrx_word' id='word_1_515' title='bbox 1357 5373 1511 5442; x_wconf 81' lang='lat' dir='ltr'><strong>suffragio.</strong></span> <span class='ocrx_word' id='word_1_516' title='bbox 1526 5377 1554 5430; x_wconf 89' lang='lat' dir='ltr'><strong>et</strong></span> <span class='ocrx_word' id='word_1_517' title='bbox 1568 5374 1815 5447; x_wconf 83' lang='lat' dir='ltr'><strong>praeeentlcarea·</strong></span> 
     </span>
     <span class='ocr_line' id='line_1_119' title="bbox 986 5455 1814 5536; baseline 0.001 -15"><span class='ocrx_word' id='word_1_518' title='bbox 986 5478 1055 5521; x_wconf 88' lang='lat' dir='ltr'><strong>mua</strong></span> <span class='ocrx_word' id='word_1_519' title='bbox 1080 5476 1227 5534; x_wconf 78' lang='lat' dir='ltr'><strong>arumna,</strong></span> <span class='ocrx_word' id='word_1_520' title='bbox 1253 5465 1378 5536; x_wconf 89' lang='lat' dir='ltr'><strong>etpost,</strong></span> <span class='ocrx_word' id='word_1_521' title='bbox 1397 5460 1516 5518; x_wconf 78' lang='lat' dir='ltr'><strong>celibes</strong></span> <span class='ocrx_word' id='word_1_522' title='bbox 1539 5455 1646 5523; x_wconf 79' lang='lat' dir='ltr'><strong>effecti.</strong></span> <span class='ocrx_word' id='word_1_523' title='bbox 1671 5466 1814 5522; x_wconf 81' lang='lat' dir='ltr'><strong>eternam</strong></span> 
     </span>
     <span class='ocr_line' id='line_1_120' title="bbox 986 5549 1394 5627; baseline -0.007 -15"><span class='ocrx_word' id='word_1_524' title='bbox 986 5549 1189 5627; x_wconf 85' lang='lat' dir='ltr'><strong>perducamur</strong></span> <span class='ocrx_word' id='word_1_525' title='bbox 1202 5551 1242 5612; x_wconf 81' lang='lat' dir='ltr'><strong>cd</strong></span> <span class='ocrx_word' id='word_1_526' title='bbox 1252 5552 1394 5627; x_wconf 82' lang='lat' dir='ltr'><strong>petriam.</strong></span> 
     </span>
    </p>
   </div>
   <div class='ocr_carea' id='block_1_5' title="bbox 0 0 2068 6164">
    <p class='ocr_par' dir='ltr' id='par_1_14' title="bbox 0 0 2068 6164">
     <span class='ocr_line' id='line_1_121' title="bbox 0 0 2068 6164; baseline 0 0"><span class='ocrx_word' id='word_1_527' title='bbox 0 0 2068 6164; x_wconf 95' lang='lat' dir='ltr'><strong> </strong></span> 
     </span>
    </p>
   </div>
  </div>
 </body>
</html>
