4117 6175
277 162 331 222 m
911 131 1353 223 eurviseruuoorurcuu'.
1914 160 1961 229 ue

312 280 491 342 inhabitabo
499 282 530 339 in
543 280 737 341 tabernaculo
750 285 801 339 tuo
818 280 850 339 in
864 278 975 339 saeula
984 280 993 298 '
1003 280 1099 350 prote·
1113 276 1138 346 b
1186 276 1319 338 adussit
1332 279 1434 350 anime
1447 294 1516 341 maa
1536 280 1605 353 posi
1619 281 1648 337 te
1661 286 1676 321 ¹·
1690 292 1739 337 me
1754 279 1893 355 suscipiet
1902 284 1960 343 dax·

278 391 332 449 gar
345 373 377 431 in
386 371 553 429 velamento
565 370 681 427 uiarum
695 374 825 427 tuarum.
1154 370 1216 423 tera
1230 371 1290 423 tua.

590 459 777 530 Diopsolmo.
1189 454 1798 529 ipsiveroiovemquesieruutaninram
1808 458 1962 522 mseu'ie-

315 546 463 618 Quoniam
473 549 516 618 tu,
530 544 618 617 Deus,
632 547 780 605 exaudisti
794 546 965 611 orationem
975 546 1101 603 meam*
1154 540 1330 600 troibuntin
1355 542 1495 599 interiora
1515 545 1624 600 terrae:
1645 542 1800 611 oedmtur
1826 545 1964 609 intuentia

278 633 386 697 dedisti
396 634 587 694 hereditatem
599 629 773 693 timentibus
783 651 895 693 nomen
907 639 1007 692 tuum.
1155 628 1246 701 gladii
1260 648 1266 683 :
1282 645 1352 705 pars
1370 628 1508 703 vulpium
1517 632 1615 689 eruut.

314 728 382 782 Dies
396 738 486 797 super
496 723 557 779 dies
574 721 652 795 regis
664 719 796 781 adicies:
811 739 906 781 annos
918 722 983 793 ejus
1003 734 1101 793 usque
1190 718 1250 773 ilex
1261 733 1331 775 vero
1344 715 1490 785 laetabitur
1503 717 1535 777 in
1548 716 1686 791 Domino,
1696 717 1870 782 laudabitur
1879 722 1963 781 omnis

278 812 310 871 ln
322 812 398 869 diem
413 808 622 882 generationis,
638 815 667 867 et
688 811 915 883 generationum
926 810 936 828 '
947 822 1102 883 permane·
1155 804 1334 879 quituratin
1346 822 1381 865 eo
1393 806 1557 883 'quoniam
1565 806 1754 873 obstructum
1762 809 1963 885 estosloqueu-

277 900 353 957 bunt
365 901 395 957 in
410 905 556 956 {eternum
565 898 596 955 iu
610 903 773 972 conspectu
786 900 849 957 liei.
1158 892 1229 950 tium
1240 893 1355 967 iniqua.

314 985 1101 1061 liserieordiametverilatem*qulsrequireteorum.
1530 982 1609 1041 utilit

315 1077 361 1135 sie
379 1075 507 1149 psallam
521 1071 637 1133 nomini
649 1080 699 1133 tuo
710 1077 798 1144 licus,
810 1076 842 1135 iu
854 1074 984 1135 saeoula·
997 1073 1103 1136 utrec-
1384 1068 1492 1139 ricton
1503 1069 1640 1132 Pselmus
1653 1070 1759 1139 David,

279 1164 437 1225 damoeta
449 1162 783 1223 meededieindiem.
1324 1160 1476 1217 Doctrina
1488 1160 1541 1221 bei
1552 1161 1674 1219 cultoris
1685 1161 1817 1223 adtletae.

660 1252 725 1309 m,
1192 1246 1965 1326 lna.Exaudi,tiens‚oretionemmeam,cumtribu·

401 1338 513 1397 Victori
534 1355 588 1415 pre
601 1338 698 1398 lditun
718 1339 854 1398 Psalmue
870 1339 974 1399 David.
1157 1333 1222 1393 lor:
1242 1336 1380 1395 admore
1395 1336 1503 1393 inimici
1517 1337 1598 1413 eripe
1614 1337 1748 1397 animam
1763 1355 1874 1399 meam·

539 1428 844 1487 melmeoeondetie.
1192 1426 1965 1499 protexistimeseonvcntumstignentiumteteuul·

313 1516 695 1578 tua·ttonuelieosubdita
710 1514 862 1575 estanima
875 1514 1103 1591 meaquouiam
1156 1514 1281 1573 titudine
1290 1517 1481 1589 operantium
1491 1514 1687 1591 iniquitatem.
1802 1592 1805 1597 Ι

277 1606 396 1683 abipso
419 1615 463 1665 est
477 1606 556 1665 enim
581 1603 726 1680 patientia
739 1621 827 1663 mea:
845 1605 954 1663 etenim
975 1604 1040 1679 ipse
1058 1608 1144 1688 estss
1192 1602 1266 1669 Quia
1280 1609 1473 1675 exacuerunt,
1490 1608 1523 1662 ut
1537 1604 1673 1677 gladium
1686 1605 1808 1679 linguas
1832 1608 1919 1665 suar’
1930 1606 1965 1665 iu·

276 1701 354 1756 liene
368 1712 464 1765 meris,
477 1700 505 1753 et
524 1694 665 1753 salutaris
683 1710 779 1761 mens,
795 1693 913 1753 adiutor
929 1710 1026 1759 meus,
1039 1710 1101 1752 nou
1156 1689 1313 1752 tenderunt
1325 1708 1428 1750 areum
1441 1708 1506 1753 rem
1520 1707 1667 1761 amaram,
1679 1696 1713 1753 ut
1726 1694 1906 1767 sagittentiu
1925 1710 1964 1753 oo·

275 1783 569 1859 moveborampiius.
1155 1780 1492 1839 cultisimmaculatum.

311 1877 469 1946 Quousque
475 1870 629 1929 inruetisin
636 1870 981 1929 hominesinteriicientes
987 1868 1101 1926 univer·
1192 1866 1294 1926 Subito
1304 1868 1490 1941 sagittabunt
1503 1885 1582 1937 eum,
1596 1873 1694 1927 etuon
1705 1866 1856 1929 timebunt
1865 1870 1965 1929 'firma-

276 1960 1098 2035 ses·tanouamparietiiuelinato,etmeeeriaeimpulsae3
1153 1954 1262 2012 bertini
1271 1955 1461 2013 sibiverbum
1472 1954 1597 2027 malum,
1608 1956 1962 2036 disputaberuntlequeoe

308 2049 676 2107 Verumtamenbouorcm
683 2064 786 2106 meum
795 2049 1100 2121 cogitaveruntrapet·
1153 2042 1293 2101 dixerunt
1307 2062 1314 2101 :
1328 2044 1401 2113 Quis
1410 2041 1523 2101 videbit
1537 2045 1614 2102 eoa?

273 2139 334 2196 lere
347 2142 364 2175 ⁴·
377 2141 591 2193 concurrerunt
601 2136 633 2191 in
645 2136 701 2191 siti.
1188 2132 1361 2189 Proserutnti
1385 2137 1455 2189 sunt
1476 2132 1665 2207 iniquitatem
1675 2132 1691 2164 ¹¹
1709 2130 1883 2193 deiecerunt
1899 2150 1963 2193 acro·

310 2220 1097 2287 oresucbenedtcebent·eteordesuemsledieebnnt.
1152 2222 1248 2277 lantes
1260 2218 1414 2277 scrutinio.

589 2313 777 2382 Diopeuima.
1185 2308 1305 2366 decedit
1318 2308 1410 2365 homo
1424 2308 1463 2367 ad
1481 2322 1533 2366 eor
1547 2306 1642 2367 allum
1654 2309 1670 2344 '¹
1680 2312 1708 2368 et
1725 2309 1903 2372 exaltabitur
1918 2312 1962 2369 lio·

310 2405 520 2462 verumtamen
532 2403 593 2459 Deo
604 2400 725 2458 subdita
740 2405 787 2460 est
802 2402 905 2461 anima
915 2406 1006 2463 mea'
1026 2403 1098 2477 quia
1151 2396 1266 2453 minus-

272 2490 313 2551 ab
331 2492 397 2565 ipso
406 2495 452 2547 est
465 2488 637 2547 sufferentia
650 2504 729 2547 mea.
1187 2484 1304 2559 Sagittae
1318 2483 1512 2564 puerulorum
1524 2484 1609 2543 iactae
1623 2488 1694 2544 sunt
1703 2484 1800 2565 plaga
1815 2503 1917 2545 eorum
1926 2486 1964 2544 'et

308 2580 424 2638 Etenim
444 2580 509 2653 ipse
521 2582 565 2636 est
591 2580 669 2634 Deus
683 2592 769 2635 meus
792 2579 822 2635 et
833 2576 973 2637 salutaris
988 2586 1099 2636 meus·
1150 2568 1313 2647 pronihilo
1331 2572 1502 2633 habueruut
1515 2590 1578 2645 eos,
1595 2574 1790 2635 etinfirmatoe
1807 2582 1876 2635 sunt
1887 2590 1963 2651 super

272 2668 392 2729 adiutor
404 2682 489 2725 mene
503 2682 564 2723 uon
576 2664 759 2739 emigrabor.
1151 2662 1454 2735 eeslinguaeecrum.

307 2761 339 2814 ln
351 2756 411 2813 Deo
426 2754 548 2812 salutari
559 2770 638 2825 meo,
654 2758 683 2811 et
697 2754 792 2826 gloria
804 2762 892 2814 mea'
907 2754 984 2813 Deus
997 2754 1098 2814 auxilii
1188 2751 1279 2829 [xxvi]
1296 2750 1471 2810 Conturbati
1484 2755 1554 2811 suut
1565 2752 1734 2829 omnesqui
1746 2752 1887 2815 ridebunt
1897 2766 1943 2811 eos

270 2844 341 2913 mei,
357 2860 427 2919 spes
440 2859 508 2903 mea
525 2842 556 2901 iu
572 2845 700 2901 Deoest.
1152 2846 1180 2898 el
1190 2840 1287 2898 timuit
1300 2841 1398 2897 omnis
1411 2838 1516 2899 homo.

311 2933 471 3005 Speratein
481 2948 552 2988 eum
562 2932 833 2989 omniseouveutus
846 2930 942 3005 piebis
955 2948 1030 2991 mea
1041 2930 1096 2991 'et-
1115 2964 1137 3025 C
1187 2930 1221 2985 nt
1229 2928 1488 2989 adnunciaberunt
1497 2944 1590 3005 opere
1600 2928 1652 2989 Dei
1663 2929 1672 2948 '
1682 2933 1712 2991 et
1724 2928 1804 2991 iacta
1817 2926 1961 2989 eiustntst-

270 3018 919 3094 iunditeeoramillocordavestra,quonium
929 3020 1097 3083 Deusadiu·
1151 3018 1292 3077 texerunt.

270 3113 431 3166 toruoster
444 3112 498 3164 est.
859 3181 863 3186 Π
1187 3108 1344 3166 Laetabitur
1366 3103 1693 3178 iustusinDomlno,et
1706 3107 1840 3184 sperabit
1859 3111 1890 3168 in
1912 3105 1963 3168 eo'
2025 3169 2026 3188 p

305 3197 516 3256 Verumtamen
528 3195 598 3253 rani
610 3193 663 3254 diii
671 3193 830 3254 homiuum
839 3199 863 3264 ;·
874 3197 1035 3255 mendaces
1043 3199 1096 3258 filii
1150 3202 1179 3255 et
1191 3197 1393 3256 laudabuntur
1402 3213 1509 3256 omnes
1526 3197 1600 3256 recti
1613 3197 1713 3257 eorde.

268 3279 429 3343 bominum
448 3284 477 3340 iu
491 3283 618 3350 atawris,
631 3287 664 3341 ul
679 3281 832 3356 decipiant
843 3282 901 3359 ipsi
916 3283 954 3342 do
963 3286 1095 3347 vanitate
1520 3303 1610 3364 mv,

269 3391 327 3434 ⁸¹¹²
346 3373 536 3478 ¹3¹¹dip⁵¹¹m3
567 3460 604 3474 ,,
652 3459 658 3473 ,
707 3463 712 3474 ,
833 3461 839 3474 ,
934 3461 972 3476 ,,
1058 3463 1064 3478 ,
1148 3409 1288 3478 psalmus
1308 3409 1404 3492 David
1426 3411 1580 3493 dauboum
1596 3410 1748 3473 iheremia
1766 3409 1961 3493 ubucula
2024 3449 2025 3460 2

304 3461 556 3536 Nobtesperarern
565 3461 782 3535 rmqmtatrbus,
792 3465 821 3519 et
830 3477 862 3518 m
876 3476 990 3535 rapinis
1005 3463 1094 3523 nolite
1185 3481 1277 3540 verbo
1287 3481 1547 3556 pergamum&
1561 3482 1686 3555 quando
1700 3481 1869 3556 jucipfflbgg
1884 3479 1961 3556 profi.

267 3551 481 3622 concupiscere
491 3560 500 3576 ·
509 3549 618 3606 divitie
633 3548 659 3604 si
666 3548 763 3607 fluant
770 3547 860 3606 nolite
871 3565 923 3607 eor
930 3550 1092 3623 adponere.
1184 3553 1264 3609 eisei.

304 3637 402 3695 Semel
411 3637 529 3695 loeutus
543 3641 588 3693 est
601 3639 680 3694 Deus
699 3650 706 3694 ε
727 3636 789 3693 duo
803 3638 868 3694 haee
880 3635 1008 3696 audibit
1021 3641 1096 3713 quia
1428 3643 1544 3702 Vocatio
1557 3643 1698 3714 pralium.

266 3730 400 3800 potestas
423 3725 475 3780 Dei
502 3729 556 3793 est,
571 3730 599 3781 et
618 3724 680 3790 tibi,
709 3725 844 3793 Domine,
864 3725 1091 3786 misericordia:
1183 3729 1959 3804 Ana.aeirusmaturescetcespertdeleeteeenmem.

265 3811 339 3888 quie
354 3817 385 3870 tu
399 3811 507 3870 reddes
527 3810 652 3883 singulis
679 3813 846 3870 seeundum
867 3829 959 3890 opera
975 3831 1090 3874 eorum.
1180 3821 1218 3877 le
1230 3819 1323 3888 decet,
1340 3821 1473 3888 Domine,
1502 3835 1614 3894 ymnus
1630 3819 1708 3877 Deus
1736 3821 1768 3876 in
1792 3820 1863 3877 Sion
1880 3825 1907 3876 et
1917 3813 1960 3874 tibi

629 3899 715 3956 LXII·
1145 3908 1286 3966 reddetur
1293 3911 1395 3966 votum
1406 3907 1436 3965 in
1450 3907 1648 3966 iherusalem:
1663 3905 1791 3966 'exaudi
1803 3909 1958 3966 orationem

299 3991 436 4049 Psalmus
451 3988 556 4056 David,
572 4003 643 4044 enm
660 3993 739 4044 esset
753 3988 783 4045 in
799 3988 915 4050 deserto
930 3993 1052 4051 iudoeae.
1145 4013 1245 4056 meum
1259 3998 1332 4055 adtc
1345 3997 1446 4055 omnis
1459 4011 1529 4054 earo
1544 3997 1655 4054 reniet.

262 4078 1088 4153 Benoerolioet'os,qeiseeundumlleumperseetoseot.
1180 4085 1274 4143 verba
1297 4085 1469 4158 iniquorum
1490 4084 1711 4160 prevaluerunt
1734 4084 1916 4160 supernos*
1935 4081 1959 4138 et

298 4174 371 4226 Aua.
382 4165 419 4224 in
431 4169 555 4240 deserto,
575 4171 604 4224 et
620 4165 652 4222 in
667 4167 756 4234 invio,
772 4171 800 4226 et
814 4169 846 4225 in
860 4184 980 4242 aquoso,
999 4171 1086 4242 Deris,
1142 4174 1345 4249 impietatibus
1360 4175 1470 4232 uostris
1482 4177 1515 4230 tu
1536 4173 1755 4248 propitiaberis.

261 4261 341 4320 Deae
354 4273 435 4317 meae
451 4258 493 4316 od
507 4265 535 4316 te
548 4257 585 4315 de
595 4259 660 4316 luce
672 4258 774 4328 cipite.
1103 4311 1126 4368 D
1178 4263 1293 4334 Beatus,
1302 4277 1394 4337 quem
1408 4261 1531 4335 elegisti,
1547 4257 1959 4322 etadsumsisti‘tubabitabit

295 4350 383 4417 Deus,
399 4348 477 4405 Deus
492 4362 577 4405 meus
586 4349 604 4385 ¹
617 4345 657 4404 ad
671 4350 698 4403 te
710 4345 749 4402 de
762 4345 830 4404 tuoe
841 4345 943 4418 vigilo.
1140 4351 1172 4409 in
1184 4351 1388 4410 tabernaculis
1408 4352 1476 4408 tuis.

295 4438 391 4497 Sitibit
402 4439 434 4496 ln
448 4443 475 4495 te
490 4437 592 4496 anima
605 4451 674 4494 mea
686 4443 701 4475 ¹·
714 4449 808 4508 mam
833 4435 1042 4512 multiplieiter,
1058 4448 1086 4501 et
1174 4439 1366 4514 lteplebimur
1378 4439 1467 4498 bouis
1483 4440 1592 4500 domus
1605 4444 1663 4498 tum
1677 4435 1956 4502 'sauctnmesttem

257 4542 328 4587 cero
338 4544 407 4586 mea
417 4527 448 4585 in
462 4525 589 4592 deserto,
605 4525 673 4584 etin
686 4523 776 4590 invio,
789 4523 974 4599 otiuaquose
991 4544 999 4584 :
1138 4527 1222 4606 plum
1241 4533 1334 4597 tuum,
1357 4528 1494 4588 mirabile
1510 4529 1541 4588 iu
1556 4529 1702 4605 equitate.

292 4618 339 4677 Sic
353 4617 385 4676 tu
399 4621 505 4676 saneto
521 4614 648 4689 apparui
662 4610 727 4683 tibi,
744 4616 776 4670 ut
788 4613 923 4672 viderem
945 4615 1083 4678 virtulem
1173 4617 1350 4676 Exaudinos
1365 4619 1443 4675 Deus
1455 4617 1595 4677 saluteris
1607 4615 1734 4676 noster*
1746 4633 1817 4694 spes
1831 4614 1953 4678 omnium

254 4709 349 4775 mum,
359 4711 389 4764 et
398 4704 525 4778 gloriam
538 4707 621 4760 tuam
635 4699 644 4718 ²
658 4699 729 4774 quia
741 4701 902 4760 meliorest
915 4703 1083 4765 misericor·
1135 4707 1242 4765 linium
1259 4710 1356 4777 terrae,
1369 4709 1399 4763 et
1416 4706 1447 4764 iu
1457 4707 1535 4764 mari
1544 4707 1643 4782 longe.

254 4792 306 4852 dia
321 4799 373 4854 tua
387 4808 480 4868 super
490 4791 599 4850 vitam
1171 4795 1351 4870 Praeparane
1369 4800 1486 4853 montes
1503 4797 1533 4854 in
1549 4797 1656 4856 virtute
1667 4800 1729 4866 tua,
1744 4795 1889 4855 accinctus
1904 4806 1953 4867 po·

288 4881 381 4941 Labie
406 4897 474 4939 mea
488 4879 657 4939 laudabunt
679 4881 718 4949 te,
734 4878 778 4937 sie
797 4878 974 4938 benedicam
993 4885 1021 4940 te
1049 4883 1081 4941 iu
1135 4884 1236 4954 tentia,
1245 4883 1298 4957 qui
1309 4883 1471 4942 conturbas
1481 4883 1610 4943 fundum
1621 4881 1949 4943 maris*sonnmautem

252 4972 315 5030 vita
329 4987 398 5031 mee
410 4969 419 4987 '
430 4973 459 5028 et
477 4968 645 5028 innomine
663 4972 715 5026 tuo
730 4967 840 5025 lebado
855 4984 964 5026 manus
984 4985 1078 5029 meas.
1133 4972 1281 5030 flnctuum
1294 4971 1368 5040 eius,
1384 4971 1453 5046 quis
1464 4971 1594 5032 sufferet.

289 5061 370 5120 Sicut
379 5059 477 5133 adipe,
486 5063 515 5116 et
528 5057 710 5133 pinguedine
722 5056 982 5130 repleaturanima
991 5075 1077 5118 mea:
1168 5060 1380 5120 turbabuntur
1391 5065 1494 5133 gentes
1508 5059 1524 5094 ⁴
1537 5065 1565 5120 et
1571 5061 1721 5121 timebunt
1728 5054 1951 5136 omnesqua-

251 5147 396 5206 *etlabia
409 5145 594 5206 exultationis
605 5145 772 5204 laudabunt
788 5159 898 5202 nomen
915 5149 1011 5205 tuum.
1131 5147 1270 5208 habitant
1281 5149 1358 5208 lines
1373 5151 1459 5208 terreo
1478 5162 1496 5207 a
1516 5151 1611 5223 signis
1628 5152 1697 5210 tuis.

287 5238 334 5296 Sic
349 5236 517 5294 memortui
529 5236 572 5294 tui
586 5237 813 5308 superstratum
835 5236 1000 5295 meumtiu
1012 5253 1078 5299 ma·
1168 5238 1269 5296 Exitus
1287 5237 1438 5306 matutini,
1455 5242 1484 5296 et
1500 5239 1617 5314 vespert
1630 5236 1638 5256 ¹
1649 5237 1854 5298 delectaberis.

250 5323 564 5385 tutiuiemeditaboriu
573 5320 691 5396 te,qoia
702 5319 799 5378 iaetus
812 5337 845 5377 es
857 5322 1075 5401 adiutormeua‚
1168 5325 1294 5384 visitasti
1308 5331 1428 5394 terram,
1444 5329 1473 5388 et
1485 5327 1637 5388 inebriasti
1652 5343 1719 5388 eam
1730 5317 1947 5402 *muluplicesti

249 5418 280 5471 et
291 5413 324 5472 iu
333 5413 502 5473 velamento
517 5409 635 5469 alarum
653 5413 773 5467 tuarum
787 5409 929 5484 sperabo.
1130 5411 1310 5490 locupletare
1326 5430 1405 5476 eam.
