4117 6175
10 5 2051 60 W

69 295 144 354 1025
573 288 745 350 orricium
765 289 877 348 ultius
895 289 1061 350 villanus
1076 293 1283 356 PRAECIPVAE.
1710 292 1781 358 toto
1852 347 1855 356 .

72 419 273 494 gebuntsicut
282 416 424 492 splendor
432 417 615 477 firmamenti
625 439 632 478 ε
643 421 672 476 Ρ.
685 415 900 476 litsicutstellas
913 416 940 471 A
953 415 1004 474 dia
1014 419 1164 479 matutina
1174 437 1270 496 usque
1281 421 1321 480 ad
1340 424 1468 478 noctem.
1482 421 1512 484 i.
1523 419 1667 479 Sustinuit
1678 421 1779 480 anima

68 509 138 569 coeli
152 509 184 566 in
198 512 343 583 perpetua
356 507 529 565 aeternitate.
543 507 574 570 t.
587 509 636 566 isti
645 511 715 565 sunt
727 507 784 564 viri
794 504 899 577 sancti,
954 521 1023 564 mea
1037 505 1067 564 in
1080 508 1168 566 verbo
1184 515 1245 576 tuo,
1261 507 1395 566 bomine.
1416 509 1499 566 Fiant
1510 524 1598 566 auras
1613 513 1672 566 turs
1686 509 1780 568 inten-

69 616 150 676 quos
164 597 405 670 elegitllominus
416 596 545 673 [cmxix]
557 598 586 654 in
596 596 810 656 charitatenon
819 594 899 661 ficta,
954 594 1096 654 dentesin
1105 597 1451 656 orationesancilloetuae.
1464 597 1778 671 P-Usqueadnoctem.

70 695 102 746 st
116 703 222 745 eorum
242 685 380 742 doctrina
394 685 488 757 lulget
515 685 654 751 Ecclesia,
672 690 705 742 ut
723 684 786 741 sole
818 683 899 741 luna.
991 684 1093 743 Sonus.
1105 685 1237 744 Alleluia.
1253 686 1386 743 Psallam
1398 686 1583 757 nominituo,
1592 687 1716 752 bauain
1727 703 1780 744 sue-

70 777 105 832 P.
122 779 158 834 ls't
171 776 260 834 sicut.
272 774 304 837 it.
322 774 431 842 Gloria,
446 778 475 832 et
485 774 591 833 bonor.
606 775 638 830 P.
653 776 686 833 lit
699 772 784 831 sicut.
956 771 1025 829 cula
1033 791 1043 844 3
1057 773 1090 828 P.
1105 775 1140 830 Ut
1152 774 1276 832 reddam
1290 779 1361 833 vota
1369 789 1438 832 mea
1447 774 1485 831 de
1499 773 1548 830 die
1560 774 1590 830 in
1601 773 1692 832 diem.
1706 774 1779 833 Alle-

110 866 226 924 Oratio.
238 863 350 924 Christe
363 863 413 920 tici
429 862 588 938 lilius‚qui
603 865 728 922 sanctem
739 867 807 920 tuos
815 862 853 920 N.
861 861 901 920 N.
955 859 1028 918 luia.
1041 860 1073 923 ll·
1087 861 1235 920 Dedusisti
1242 861 1434 930 manamine,
1445 861 1618 936 quiefactus
1628 877 1659 918 es
1668 861 1781 918 fiducia

71 953 253 1030 praesciens,
267 957 337 1010 ante
348 951 455 1010 mundi
463 950 705 1010 constitutionem
720 949 864 1022 eoscligis
874 952 904 1006 et
956 964 1026 1006 mea
1039 949 1147 1009 :turris
1160 950 1368 1010 tortitudinisa
1378 949 1453 1008 isole
1461 949 1584 1008 inimici.
1596 949 1742 1008 liabitabo
1749 949 1781 1008 in

70 1044 103 1102 in
116 1042 434 1116 exemplumnostrum
442 1041 491 1100 hic
500 1056 552 1098 eos
561 1039 716 1099 constituis
726 1039 838 1097 :tacita
845 1053 903 1096 nos
958 1039 1130 1097 sanctuario
1143 1043 1194 1098 tuo
1210 1041 1288 1098 Deus
1301 1040 1461 1098 insaecula.
1472 1039 1504 1095 P.
1518 1041 1553 1096 Ut
1562 1038 1688 1097 reddam
1699 1042 1779 1097 vota.

70 1136 247 1191 sanctorum
260 1129 559 1204 N.N.lipisc0porum
572 1128 821 1188 etGoniessorum
828 1139 906 1202 pras·
992 1129 1177 1200 Antiphone.
1188 1128 1676 1196 OstendemibilacicmtuamSion,
1686 1133 1782 1186 otvox

73 1222 249 1280 dicamento
262 1219 437 1278 obedientes
451 1219 594 1287 existare3
619 1224 652 1276 ut
665 1217 858 1293 adoptionem
869 1216 904 1274 fl·
959 1219 1009 1274 tua
1022 1216 1053 1274 in
1069 1216 1194 1275 auribus
1208 1218 1300 1275 meis:
1317 1217 1413 1275 dideis
1422 1221 1467 1273 est
1476 1217 1557 1273 enim
1568 1215 1708 1273 mibivox
1718 1219 1780 1289 tua,

69 1310 186 1369 liorum
196 1314 265 1384 post
275 1306 536 1368 uostrumobitum
548 1323 732 1366 mereamur.
752 1319 785 1379 p.
795 1307 902 1364 Amen.
957 1307 986 1362 ct
998 1304 1090 1364 iacies
1104 1309 1156 1362 tua
1170 1305 1289 1364 decora.
1302 1305 1333 1368 tt.
1345 1306 1420 1362 Audi
1428 1303 1498 1372 filia,
1507 1309 1536 1362 et
1545 1304 1623 1370 vide,
1632 1309 1660 1361 et
1669 1303 1782 1364 inclina

108 1399 167 1457 Per
181 1397 431 1458 misericordiam.
955 1408 1060 1451 aurem
1076 1398 1160 1452 tuam
1177 1398 1224 1451 :et
1239 1393 1414 1452 obliviscere
1428 1393 1554 1453 domum
1568 1393 1658 1466 patris
1672 1393 1724 1452 tui.
1741 1393 1775 1450 P.

379 1487 416 1543 In
435 1486 601 1545 Laudibus.
954 1480 1053 1539 Dulcis
1067 1486 1120 1539 est.
1135 1482 1166 1543 i.
1181 1482 1289 1550 Gloria,
1304 1489 1333 1541 et
1345 1483 1452 1540 honor.
1474 1483 1508 1538 P.
1527 1481 1625 1538 Dulcis
1637 1485 1691 1540 est.

110 1580 163 1637 Act
172 1578 340 1636 Canticum.
353 1575 541 1647 Antiphone.
552 1574 608 1642 Qui
620 1573 900 1647 propriavoluntate
992 1572 1170 1643 Antiphone.
1180 1571 1267 1644 Virgo
1277 1571 1587 1646 prudentissimoque
1596 1569 1783 1642 progrederis

75 1667 227 1730 obtulistis
240 1661 900 1732 vosdiscrimini,benedicitebominum,nar·
958 1659 1161 1732 quasiaurora
1170 1659 1255 1718 valde
1263 1659 1486 1718 rutilans‘lFilia
1496 1657 1783 1727 Sion,totalormosa

72 1764 176 1820 rantes
185 1753 317 1830 jusiitias
331 1753 397 1826 ejus
412 1756 441 1809 et
453 1750 642 1810 elementiam
656 1751 688 1808 in
701 1749 899 1809 tortesisrael.
916 1767 941 1824 g
958 1748 987 1804 et
1000 1747 1103 1804 suavis
1114 1763 1156 1804 es.
1171 1745 1300 1806 Pulchra
1320 1751 1352 1804 ut
1364 1747 1447 1814 luna,
1469 1756 1497 1804 et
1517 1747 1610 1806 electa
1632 1750 1664 1804 ut
1678 1746 1732 1804 sol.
1748 1747 1780 1808 li.

77 1849 247 1908 Canticum.
262 1842 318 1910 Qui
331 1844 438 1916 sponte
449 1839 612 1899 obtulistis.
623 1842 650 1911 s.
666 1857 759 1898 cuxru.
958 1833 1104 1893 Perdiem
1114 1838 1158 1895 sol
1170 1852 1229 1895 non
1238 1841 1301 1894 uret
1315 1840 1457 1909 teneque
1466 1836 1738 1910 lunapcrnoetam.
1747 1837 1779 1892 P.

110 1928 902 2003 AdBenedictusdntipltcna.Sancti,etbumilescordc‚
957 1927 1029 1983 lota
1043 1923 1779 1997 formosatalona,crhonor.{P.Pmehraut1una.

74 2028 200 2102 spiritus
215 2028 243 2080 et
254 2021 364 2080 animae
375 2020 537 2092 justorum,
550 2019 716 2077 benedicite
731 2019 903 2076 Dominum.
992 2013 1110 2072 boucla.
1129 2013 1272 2088 Speciosa
1294 2013 1374 2072 iacta
1387 2030 1431 2082 es,
1457 2017 1487 2071 et
1501 2013 1602 2072 suasis
1619 2013 1651 2070 in
1670 2013 1782 2070 deliciis
1886 2045 1891 2053 ·

115 2113 285 2172 Canticum.
307 2108 483 2166 Benedictus
496 2124 528 2165 cs
541 2110 677 2166 Domine.
692 2107 744 2179 [ot.
757 2111 783 2165 b.
957 2100 1038 2160 tuis:
1053 2101 1189 2162 Alleluia.
1214 2101 1406 2161 Pulchritudo
1423 2107 1475 2160 tua
1490 2102 1594 2160 similis
1614 2107 1659 2160 est
1671 2101 1781 2174 palme

111 2204 204 2262 Sosio.
213 2197 349 2257 Alleluia.
363 2201 525 2254 tnomuem
535 2201 654 2254 terram.
670 2195 774 2264 Quare
782 2198 861 2253 retro
871 2194 904 2250 in
956 2189 1152 2249 indesinentis
1165 2191 1196 2250 in
1206 2189 1390 2265 plenitudine
1398 2190 1549 2250 almitatis.
1563 2189 1696 2256 Alleluia,
1712 2189 1782 2246 alle·

82 2291 220 2363 vesperis
231 2287 479 2362 precedentibus.
956 2278 1029 2348 loia,
1046 2278 1173 2337 alleluia.
1189 2279 1222 2342 ll.
1244 2279 1346 2338 Lauda
1365 2279 1547 2337 Hierusalem
1561 2279 1722 2336 Dominum
1735 2295 1742 2334 ε
1754 2280 1782 2334 et

115 2379 228 2438 banda
240 2373 371 2434 tardata
379 2373 541 2431 bominum
551 2371 590 2430 de
597 2371 680 2430 coelis
689 2370 830 2430 Alleluia:
840 2369 904 2428 lau·
957 2368 1109 2427 conlauda
1118 2369 1213 2426 Deum
1226 2370 1311 2426 tuum
1319 2367 1401 2426 Sion.
1411 2367 1443 2424 P.
1458 2367 1659 2426 Pulcbritudo.
1674 2367 1706 2430 l.
1719 2365 1784 2424 Glo-

74 2469 150 2527 date
162 2483 232 2526 eum
246 2463 277 2521 in
291 2461 426 2521 excelsis.
441 2461 573 2520 Alleluia.
587 2461 724 2520 Paulinus
738 2476 849 2518 cxnsru.
957 2458 1002 2517 ria
1015 2463 1044 2516 ct
1054 2457 1161 2517 bonor.
1181 2458 1212 2514 P.
1230 2455 1421 2514 Pulchritudo
1437 2460 1496 2514 tna.

113 2557 217 2616 Lectio
237 2553 309 2613 libri
320 2551 482 2625 Sapientiae
494 2551 660 2610 Salomonis
675 2550 764 2622 (Gap.
779 2552 867 2621 xus).

116 2659 149 2719 pp.
163 2645 225 2702 Deo
239 2641 361 2716 gratim.

994 2548 1111 2605 Lauda.
1126 2545 1230 2620 Specie
1244 2549 1272 2602 et
1285 2544 1505 2620 pulchritudine
1515 2548 1567 2602 tua
1579 2546 1709 2611 intende,
1720 2559 1786 2619 pro·
1838 2605 1841 2610 ,

959 2651 1045 2709 spere
1066 2635 1206 2708 procede,
1230 2636 1260 2690 et
1286 2649 1389 2706 regna,
1411 2632 1544 2700 Alleluia,
1565 2633 1694 2704 addida,
1717 2632 1785 2690 alle-

113 2728 906 2807 Hultamgloriamlecitllominusmagnificentiasuaa
959 2724 1030 2783 luia.
1046 2722 1078 2785 i.
1092 2723 1216 2795 Propter
1234 2721 1389 2779 veritatem
1413 2725 1442 2777 et
1460 2720 1734 2786 mansuetudinem,
1756 2725 1785 2778 et

75 2825 201 2884 saecuta
219 2820 453 2882 Dominantesin
465 2818 664 2893 potestatibus
679 2818 753 2884 suis,
765 2817 906 2875 homines
957 2811 1102 2886 justitiam
1120 2828 1127 2868 :
1148 2813 1177 2868 et
1194 2809 1323 2867 deducet
1339 2813 1368 2866 te
1388 2807 1507 2882 [ccxxx]
1521 2808 1697 2866 mirabiliter
1714 2809 1784 2866 dex-

75 2914 186 2988 magni
196 2913 314 2980 virtute,
327 2913 356 2968 at
365 2909 524 2984 prudentia
534 2923 590 2965 sua
599 2905 728 2980 prediti,
737 2905 907 2963 nundentes
961 2906 1024 2958 tera
1036 2903 1099 2957 tua.
1116 2901 1144 2956 P.
1160 2897 1293 2969 intende,
1303 2911 1456 2971 prospere.
1473 2895 1504 2958 i.
1514 2895 1621 2963 Gloria,
1637 2899 1665 2954 et
1675 2896 1782 2954 honor.

75 3002 265 3074 indignitate
272 2996 720 3074 prophetarum,etimperantes
728 2995 759 3052 in
766 2993 907 3069 praesenti
960 2989 990 3046 P.
1004 2987 1140 3056 Alleluia,
1155 2983 1283 3054 alleluia,
1302 2984 1426 3043 alleluia.

77 3092 203 3161 saeculo,
225 3095 255 3149 et
267 3092 375 3148 virtute
390 3084 558 3161 prudentias
579 3083 697 3160 populis
716 3083 944 3175 sanctissimae

75 3180 181 3239 ruba.
195 3182 228 3236 ln
241 3177 360 3253 pueriia
372 3190 429 3233 sna
441 3174 628 3251 requirentes
640 3174 752 3231 modos
763 3174 906 3243 musicos,

75 3262 907 3337 etnarrantescarminascripturarumomnesdivitesin

74 3351 722 3430 virtute,pulchritudinisstudiumuabentes
733 3370 739 3411 :
749 3352 909 3425 pacifican-

77 3451 123 3503 tes
138 3446 170 3503 in
188 3443 330 3501 domibus
345 3442 418 3499 suis.
432 3442 542 3499 omnes
557 3439 605 3498 isti
615 3439 647 3497 in
666 3438 909 3511 generationibus

73 3535 175 3609 gentis
185 3548 248 3590 suas
257 3531 384 3604 gloriam
391 3530 490 3603 adepti
499 3533 578 3595 sunl,
589 3528 775 3587 elindiebus
785 3528 849 3587 suis
856 3527 909 3588 ba·

72 3618 443 3686 benturinlaudibus.0ui
452 3616 489 3674 de
499 3616 556 3673 illis
565 3616 628 3673 nati
637 3622 716 3685 sunt,
725 3615 910 3690 reliquerunt

72 3706 909 3780 nomennarranteslaudeseorumzetsuntquorumnon

73 3794 911 3871 estmamoria:perieruntquasinonluerint:etnatisunt

72 3888 166 3963 quasi
180 3902 243 3945 non
257 3886 329 3953 nati,
344 3884 441 3943 attilii
457 3884 593 3958 ipsorum
607 3900 678 3941 eum
696 3883 778 3957 ipsis.
796 3884 853 3943 sed
868 3885 911 3965 ³¹¹1

73 3978 136 4035 viri
158 3974 368 4035 misericordes
382 3975 461 4046 sunt,
476 3971 714 4046 quorumpietas
730 3988 790 4031 non
799 3973 910 4042 detuit:

75 4070 186 4125 etcum
198 4064 312 4123 semine
319 4064 455 4138 ipsorum
463 4064 655 4135 perseverant
661 4060 754 4134 bona,
760 4062 910 4123 hereditas

74 4152 362 4229 nepotumillorum‚
372 4155 403 4208 et
414 4150 445 4207 in
453 4150 638 4209 testamentis
648 4149 726 4208 stetit
734 4165 838 4209 semen
846 4151 912 4212 illo.

74 4259 148 4302 rum
162 4258 170 4311 ;
188 4247 219 4299 et
231 4241 285 4299 tilii
299 4241 419 4298 illorum
429 4243 552 4315 propter
564 4237 631 4295 illos
646 4254 654 4293 ε
670 4254 767 4312 usque
784 4240 817 4297 in
829 4246 912 4301 aeter·

76 4348 158 4390 num
178 4329 313 4389 manebit
326 4342 430 4387 semen
442 4341 548 4387 eorum
565 4344 572 4384 ι
585 4330 616 4385 et
623 4326 718 4400 gloria
732 4343 836 4389 eorum
849 4346 911 4391 non

75 4420 314 4494 derelinquetur.
325 4420 457 4491 Corpora
467 4432 573 4475 corum
583 4417 697 4491 inpace
707 4418 910 4499 sepelissent,

75 4516 111 4568 et
122 4524 234 4567 nomen
247 4522 353 4566 corum
364 4504 501 4564 manebit
512 4504 543 4563 in
552 4505 744 4577 generations
753 4511 783 4567 et
791 4523 914 4580 genera

76 4600 173 4657 tione.
190 4596 373 4672 Sapientiam
386 4596 526 4669 ipsorum
537 4598 662 4653 damant
674 4596 788 4670 populi,
801 4602 831 4656 et
847 4600 913 4660 lan.

75 4688 152 4747 dem
163 4702 269 4745 eorum
281 4686 403 4743 nuntiat
418 4682 557 4743 Ecchsia.
572 4694 605 4755 p.
619 4693 724 4742 Amen.

116 4778 263 4848 llymnus.
295 4778 357 4833 Rex
376 4773 506 4847 gloriose
522 4774 695 4846 Martyrum.
716 4775 794 4845 saiw
806 4789 910 4837 cnrvrt.

75 4865 280 4937 snpplicatio.
296 4865 422 4922 oremus
432 4860 671 4934 Redemptorem.
682 4862 759 4932 sotio
769 4880 849 4921 ccxii.
860 4864 913 4925 Go-

74 4955 207 5027 pitulc..
224 4952 417 5024 Omnipotens
426 4952 513 5017 Deus,
526 4948 579 5022 qui
586 4948 780 5007 diversitates.
792 4952 910 5011 Lauda

77 5046 140 5099 vos
153 5042 224 5099 estis
237 5057 309 5099 vasa
323 5044 428 5097 sancta
444 5037 571 5096 bomini.
583 5037 767 5097 Benedictio.
780 5039 912 5100 Christus

75 5130 240 5197 Dominus,
253 5129 307 5204 qui
317 5128 559 5201 iustificatorum.
572 5125 630 5197 tol.
646 5142 779 5185 cannis.

232 5238 471 5309 tantm·
493 5234 786 5307 oenomai

241 5362 287 5417 llll
304 5360 376 5417 UNA
399 5358 544 5416 VlliGlltE
564 5359 758 5420 PtlAEGlPUA.

390 5464 436 5523 nd
451 5463 600 5536 vesperos.

93 5556 97 5563 ¹
117 5574 240 5634 mado.
255 5572 390 5648 sperarit
401 5569 622 5630 animameain
633 5570 772 5640 Domino,
789 5578 913 5636 acusto·

1302 3110 1447 3182 Hymnus.

1069 3218 1196 3293 Virginis
1207 3218 1316 3286 Proles,
1332 3216 1496 3291 opifexque
1510 3216 1617 3289 listris,

1034 3309 1119 3383 virgo
1131 3323 1223 3383 quem
1236 3306 1335 3379 gessit,
1348 3305 1522 3379 peperitque
1536 3304 1642 3378 Virgo;

1033 3398 1160 3469 Virginis
1173 3396 1283 3453 testum
1298 3394 1446 3462 canimus,
1462 3392 1639 3466 tropheum,

1140 3482 1249 3558 Accipe
1262 3486 1377 3539 votum.

1070 3577 1137 3632 llaec
1149 3582 1201 3630 tua
1216 3571 1301 3643 Virgo
1315 3568 1429 3643 duplici
1439 3568 1529 3627 beata

1035 3664 1129 3732 Sorte,
1143 3662 1218 3721 dum
1231 3660 1320 3735 gessit
1333 3658 1471 3730 fragilem
1486 3658 1609 3716 domare

1035 3752 1173 3828 Corporis
1191 3766 1306 3815 sexum,
1323 3746 1440 3805 domuit
1454 3751 1610 3806 cruentum

1141 3844 1270 3913 Corpore
1289 3836 1424 3894 saeclum.

1071 3930 1143 3989 inde
1154 3944 1211 3987 nec
1224 3930 1362 3994 mortem,
1372 3940 1428 3981 nec
1443 3923 1540 3983 amica
1553 3925 1657 3983 mortis

1036 4022 1125 4079 Saeva
1133 4030 1294 4093 poenarum
1308 4028 1419 4087 genera
1436 4027 1614 4088 pavescens,

1036 4106 1189 4179 Sanguine
1202 4105 1270 4162 tuso
1282 4102 1391 4161 meruit
1405 4107 1556 4159 sacratum

1142 4194 1293 4254 Scandere
1311 4192 1432 4251 coelum.

1073 4288 1168 4361 liuius
1184 4285 1320 4351 obtentu,
1342 4284 1417 4339 Deris
1432 4281 1522 4349 alme,
1536 4282 1647 4339 nocuis

1036 4380 1128 4436 Parce
1139 4374 1204 4449 jam
1214 4372 1321 4447 culpis,
1331 4370 1402 4428 vitia
1412 4370 1580 4439 remittens;

927 4464 951 4520 b
1037 4469 1103 4536 Quo
1116 4464 1170 4523 tibi
1182 4460 1249 4536 puri
1261 4474 1437 4519 resonemus
1451 4456 1566 4517 dmum

1144 4550 1273 4610 Pectoris
1290 4550 1450 4623 hymnum.

1072 4642 1171 4705 Gloria
1186 4638 1274 4709 Patri,
1291 4638 1455 4711 genitaquc
1471 4636 1557 4707 Proli‚

1037 4739 1072 4796 nt
1087 4732 1140 4792 tibi
1155 4742 1280 4803 compar
1292 4727 1446 4799 utriusque
1457 4739 1576 4799 semper

1037 4822 1164 4900 Spiritus
1179 4818 1269 4887 alma
1285 4817 1361 4872 Deus
1374 4829 1453 4870 unus
1471 4814 1555 4871 omni

1142 4910 1289 4981 Tempore
1308 4900 1397 4959 saecli.

1000 5024 1106 5080 Amen.

1001 5121 1330 5200 snpplicatio.0remus
1340 5113 1560 5187 redemptorem
1570 5112 1675 5170 mundi
1691 5114 1788 5174 bomi-

966 5234 1040 5279 num
1051 5212 1294 5274 nostrumiesum
1304 5204 1463 5266 Christum,
1472 5200 1788 5279 cumomnisuppljes-

966 5307 1047 5367 tione
1060 5315 1220 5375 rogemus;
1237 5297 1269 5353 ut
1279 5291 1470 5369 pergratiam
1480 5290 1584 5365 ipsius,
1595 5296 1625 5349 et
1638 5292 1789 5367 perintsr-

966 5378 1790 5455 cessionemintcmaratagloriasebsatissimavirginis

966 5482 1063 5544 narie
1075 5474 1225 5553 genitricis
1240 5488 1313 5545 sum,
1327 5474 1356 5529 et
1369 5472 1480 5527 sancta
1494 5468 1527 5527 N.
1539 5469 1660 5540 virginis
1670 5473 1698 5527 et
1711 5486 1790 5528 mar

967 5572 1053 5648 tyris,
1064 5563 1283 5629 nobissalutem
1291 5558 1400 5621 animae
1413 5563 1442 5618 et
1451 5558 1596 5633 corporis,
1604 5563 1634 5616 et
1643 5557 1790 5620 remissio-
