4117 6175
122 304 193 361 lota
656 311 902 373 sancientes.
922 343 958 358 -
975 311 1088 374 FBSTA
1106 316 1284 376 JANtlllllll.
1759 322 1839 383 loeb-

120 426 250 494 erubuit,
260 430 435 503 persecutor
442 433 563 506 expavit
575 451 583 503 ;
595 437 624 494 et
632 438 744 513 quibus
751 439 843 497 luiliu
858 455 951 514 poena
967 441 992 498 t

124 520 206 586 vitm,
221 517 302 576 iacta
313 522 359 574 est
371 518 403 575 in
419 524 514 579 morte
537 523 673 585 victoria.
689 531 727 588 Te
739 528 841 600 igitur,
852 531 951 588 omni·

47 597 56 612 ’
121 613 230 682 potens
244 607 331 675 Deus,
348 623 502 678 rogamus,
512 615 545 669 ut
563 613 732 678 interventu
745 619 951 678 eorumuobis

120 712 184 756 non
198 699 325 769 negetur
333 697 470 756 omnium
485 707 690 773 peccatorum.

157 788 244 845 Pater
254 789 366 844 noster.
378 785 504 848 Liberali
516 806 535 849 a
547 792 638 850 mmo.
652 796 710 866 sol.
725 799 753 853 2.

158 875 440 936 baedeommon
457 882 684 955 sempiternum.
700 887 759 957 sol.
775 902 859 944 caari.

143 960 317 1024 'Humiliate
334 981 389 1024 vos
401 965 616 1031 benedictioni.

161 1053 305 1114 Dominus
317 1053 484 1131 sitsemper
497 1059 668 1122 vobiscum.
682 1074 717 1139 lp.
731 1067 766 1122 llt
779 1080 851 1124 eum
866 1065 950 1140 spiri·

122 1147 156 1202 tu
167 1147 230 1204 tuo.

158 1233 342 1292 Benedictio.
358 1235 516 1296 Benedicat
529 1254 585 1298 vos
602 1241 791 1316 omnipotens
803 1245 949 1304 Dominus

122 1327 296 1380 sauctorum
316 1328 484 1398 martyrum
496 1325 663 1388 Sebastiani
678 1336 708 1390 et
718 1333 783 1406 ejus
799 1335 948 1394 Comitum

120 1411 263 1483 passione
277 1409 420 1474 laetantes.
432 1424 466 1485 p.
489 1416 590 1474 Amen.
609 1416 731 1479 Tribuat
747 1422 836 1480 vobis
853 1425 949 1480 omni·

121 1498 221 1556 mode
235 1499 452 1559 benedictionis
466 1501 689 1578 plenitudinem,
698 1511 810 1584 quibus
820 1512 949 1571 condere

122 1586 323 1658 dignatusest
335 1587 434 1662 legam
455 1607 463 1659 ;
487 1604 520 1665 p.
543 1595 649 1653 Amen.
662 1601 697 1656 Ut
708 1605 738 1656 el
751 1600 949 1674 omnipotenti

123 1675 185 1734 Deo
197 1677 296 1735 laudis
307 1679 489 1739 sacrificium
503 1681 676 1754 offeratis,et
687 1689 948 1749 vosiudesinentes

122 1766 250 1824 induam
266 1767 432 1826 exhibeatis
453 1769 587 1831 officium
612 1774 775 1836 charitatis.
789 1789 822 1850 n.
846 1779 983 1855 dueuss

161 1858 215 1912 Per
225 1855 464 1917 misericordiam
478 1860 575 1933 ipsius
595 1868 633 1933 et,
644 1870 697 1922 etc.

161 1944 282 2017 infesto
293 1947 458 2006 S.luciooi
469 1950 645 2024 Presbyteri
658 1956 838 2028 etllurtpes's
847 1960 949 2018 omnic

126 2033 627 2110 dicuuturuniuslicrtprbuooem
637 2043 948 2117 lectionumsoliocu,

123 2128 234 2195 proeter
246 2124 399 2195 capitulo,
419 2131 448 2183 et
463 2128 681 2188 Benedictiones
693 2133 730 2190 de
749 2134 905 2207 viserem
921 2142 948 2194 et

127 2211 270 2283 Capitale
281 2212 320 2271 de
332 2213 499 2282 distulistis,
515 2225 622 2290 quuut
634 2228 806 2294 sequuntur.

161 2300 315 2374 capitulo.
334 2303 498 2362 Beatissimi
512 2308 653 2380 martyris
665 2309 713 2368 sui
727 2311 848 2370 luciani
860 2315 950 2372 Praes-

122 2387 221 2463 byteri
232 2404 375 2462 mnam,
389 2391 493 2450 diviua
506 2395 614 2454 virtute
629 2398 805 2471 perlectum,
816 2401 894 2460 votis
903 2419 950 2460 so-

121 2477 286 2546 lemnibus,
301 2479 407 2538 trabes
420 2481 611 2552 dilectissimi,
623 2486 827 2561 celebremus,
840 2493 874 2549 ut
897 2493 950 2565 qui

123 2566 337 2640 triumphalem
347 2568 483 2643 palmam
492 2573 622 2646 perfldei
630 2576 950 2647 munimenta,cbristo

122 2655 297 2728 opitulante,
314 2659 479 2731 promeruit
492 2660 637 2732 oblinere,
652 2665 808 2738 patrocinii
831 2668 879 2724 sui
897 2684 950 2726 no·

123 2743 171 2802 bis
179 2745 374 2805 intercessum
382 2749 550 2821 apudeum‚
558 2752 709 2826 ouJusjam
719 2757 951 2829 praesentiagra·

130 2834 234 2904 tullur,
260 2835 400 2908 dignetur
414 2838 609 2912 impendere:
626 2842 729 2916 etipse
740 2845 828 2901 nobis
845 2861 950 2919 pecca·

126 2925 222 2981 torum
238 2925 350 2984 tribuat
361 2928 492 2996 veniam,
504 2930 559 3003 qui
571 2930 669 2989 eidem
692 2933 815 2991 contulit
829 2934 952 2993 immor·

126 3012 245 3070 latitatis
258 3029 415 3075 coronam.

163 3106 246 3161 Pater
262 3111 373 3163 noster.
389 3107 518 3167 liberast
532 3110 647 3168 amalo.
662 3110 720 3180 sol.
739 3115 769 3169 l.

1343 445 1483 518 Hymmsss

1075 533 1169 604 Agna
1183 533 1376 606 sepulchrum
1395 538 1440 594 est
1458 535 1601 594 Romulea
1616 536 1645 594 iu
1663 537 1756 596 domo

1041 621 1132 678 Fortis
1147 621 1264 695 puellae,
1289 623 1424 697 Martyris
1438 624 1577 696 inclytat

1040 710 1206 784 Conspectu
1220 710 1327 786 inipso
1339 713 1460 771 condita
1471 713 1598 772 turrium

1040 800 1145 857 Servat
1161 799 1288 858 salutem
1302 802 1389 874 Virgo
1408 801 1580 870 Quiritium.

1074 889 1188 963 Duplex
1203 906 1316 950 corona
1327 896 1372 950 ast
1384 892 1517 967 praestita
1526 891 1653 966 llartyri,

1039 981 1152 1037 lulacta
1164 979 1204 1038 ab
1221 981 1305 1039 omni
1318 981 1444 1040 crimino
1455 981 1543 1052 Virgo
1558 998 1565 1037 :

1038 1067 1135 1127 llortis
1150 1067 1259 1128 deinde
1274 1070 1405 1142 gloriosa
1416 1069 1521 1138 libera,

1039 1157 1117 1214 Ultro
1127 1155 1256 1217 offerens
1275 1175 1317 1228 se,
1333 1175 1389 1218 nec
1401 1173 1529 1216 renuens
1543 1160 1630 1216 mori.

1074 1247 1109 1303 Ut
1116 1246 1190 1304 vidit
1198 1251 1296 1320 Agnes
1309 1252 1387 1307 stare
1394 1253 1510 1306 trucem
1525 1247 1623 1306 virum

1038 1337 1176 1393 llucrone
1186 1335 1279 1404 nudo,
1295 1337 1389 1395 latior
1403 1337 1468 1394 bac
1483 1337 1540 1395 ait:

1037 1421 1105 1481 lam
1121 1426 1150 1482 le
1160 1428 1345 1498 sequentem,
1362 1425 1485 1491 Christe,
1499 1425 1634 1484 animam
1647 1441 1725 1484 voca

1022 1512 1112 1570 llum
1126 1513 1264 1586 virginali
1279 1517 1350 1572 tune
1363 1513 1457 1571 Patris
1470 1513 1578 1572 hostie.

1074 1600 1123 1658 Sic
1144 1601 1206 1660 lata
1221 1602 1371 1661 Christum
1381 1602 1491 1662 vertice
1505 1617 1616 1660 cernuo

1040 1690 1172 1764 Supplex
1181 1690 1289 1750 adorat
1300 1709 1307 1760 ;
1319 1690 1431 1749 vulnus
1449 1695 1480 1750 ut
1499 1691 1668 1749 imminens

1038 1777 1140 1836 cervix
1155 1779 1271 1838 subiret
1285 1795 1382 1854 prona
1393 1779 1541 1854 paratius,

1038 1867 1088 1925 Ast
1098 1867 1146 1926 ille
1158 1871 1274 1928 tanum
1284 1884 1369 1945 spem
1386 1869 1612 1944 peragitmanu.

1074 1957 1207 2016 Coelestis
1222 1958 1299 2018 arcis
1314 1959 1423 2017 nobilis
1432 1957 1542 2024 incola,

1040 2045 1161 2104 intende
1171 2047 1278 2105 uostris
1292 2045 1525 2105 conluvionibus

1038 2133 1135 2202 Vultu,
1149 2134 1277 2209 gemello
1304 2149 1373 2192 cum
1388 2133 1577 2202 diademate;

1040 2222 1092 2280 cui
1106 2236 1195 2294 posse
1209 2223 1264 2280 soli
1274 2223 1373 2282 cuncti
1384 2221 1496 2280 Parcus
1511 2220 1604 2280 dedit.

1075 2311 1118 2370 Sil
1129 2309 1264 2370 Trinitati
1279 2310 1375 2384 gloria
1389 2309 1499 2378 uniou,

1041 2398 1144 2466 virtus,
1160 2401 1305 2473 potestas,
1316 2414 1438 2458 summa
1451 2398 1596 2472 potentia,

1040 2489 1176 2558 Regnum
1187 2491 1341 2546 retentans
1354 2505 1362 2559 ς
1376 2488 1430 2561 qui
1453 2488 1533 2544 Deus
1546 2502 1628 2544 unus
1639 2488 1687 2544 est

1040 2578 1093 2633 Per
1106 2580 1214 2634 cuncta
1226 2591 1347 2650 semper
1356 2575 1468 2635 secuta
1478 2574 1607 2635 seculis.

1075 2665 1180 2722 Amen.

1040 2753 1238 2825 snpplicatio.
1257 2754 1384 2811 oremus
1397 2751 1629 2824 Redemptorem
1648 2750 1828 2821 mundilol.

1005 2858 1133 2903 cnxxxu.
1145 2843 1268 2902 Mutatio
1279 2841 1461 2901 nominibus.

1041 2931 1147 3006 [exsul
1160 2931 1309 3002 capitula.
1320 2930 1440 2998 Adesto,
1453 2929 1589 3002 Domine,
1597 2926 1651 2987 tibi
1661 2926 1829 3002 supplicau-

1004 3019 1104 3094 tibus;
1121 3024 1151 3078 el
1165 3019 1374 3078 invocantibus
1385 3033 1497 3076 nomen
1514 3022 1654 3076 sanctum
1669 3020 1767 3084 tuum,
1780 3031 1831 3074 oc·

968 3150 989 3207 c
1006 3110 1241 3185 curreplecatus
1252 3121 1261 3173 τ
1274 3114 1365 3185 atque
1371 3110 1541 3169 interventu
1548 3111 1724 3167 sanctarum
1734 3108 1830 3181 Agne-

165 3192 342 3252 Benedietio.
372 3196 507 3255 Christus
521 3197 676 3267 Dominus,
691 3201 744 3273 qui
762 3203 886 3276 martyri
896 3220 952 3262 suo
1007 3201 1043 3259 tis
1055 3203 1085 3258 et
1098 3200 1313 3259 Emerentianoe
1324 3198 1476 3271 virgiuum
1490 3205 1518 3255 et
1527 3202 1695 3272 martyrum
1706 3200 1829 3268 erectos,

128 3280 257 3339 luciano
270 3283 449 3359 Presbytero
473 3286 607 3360 patiendi
627 3287 752 3347 contulit
764 3295 878 3359 votum,
894 3308 951 3366 pa·

125 3369 258 3428 tientiam
278 3372 364 3430 vobis
388 3374 500 3432 tribuat
522 3382 628 3433 contra
648 3392 755 3436 omnes
775 3379 951 3441 inlecebras

124 3458 266 3517 viliorum
278 3464 441 3533 :pumen
451 3466 485 3521 llt
497 3464 551 3538 qui
560 3463 602 3522 illi
614 3464 951 3545 donavit,pcraolapas-

124 3546 225 3622 sionei2
243 3565 397 3619 coronam,
409 3552 493 3611 vobis
501 3553 646 3627 conferat,
654 3563 776 3631 peracto
788 3556 951 3619 luctamine

123 3637 356 3711 nundinandis
362 3642 546 3716 repromissa
557 3659 564 3701 :
576 3654 610 3715 te.
621 3648 727 3704 Amen.
739 3648 775 3706 llt
787 3650 840 3723 qui
855 3649 950 3709 iuboo

123 3724 259 3788 dictami
273 3731 539 3804 Martyrisovautes
551 3734 698 3794 solemnia
712 3737 950 3809 celebratis,cum

124 3814 234 3875 codem
243 3824 312 3892 post
323 3820 482 3879 transitum
492 3822 644 3882 conlocari
653 3824 685 3882 in
694 3826 864 3887 caelestibus
874 3830 951 3887 sedi·

123 3903 184 3961 bus
194 3908 360 3978 gaudeatis.
373 3921 406 3982 te.
421 3910 528 3970 Amen.

161 3997 214 4053 Par
227 3997 475 4057 miserieordiam.

160 4084 403 4171 Addatutinurs,
413 4088 561 4161 capitulo.
578 4092 700 4151 Cumex
711 4093 778 4166 lege
788 4096 951 4162 tuu,Domt·

121 4187 172 4241 ne,
185 4177 358 4234 noverimus
366 4178 397 4236 in
407 4178 552 4237 memoria
561 4184 674 4238 remrna
682 4196 749 4238 esse
760 4182 950 4255 justum,non

123 4277 180 4336 pro
192 4262 282 4333 illius,
297 4265 350 4322 sed
364 4281 419 4339 pro
433 4267 527 4327 nostri
542 4270 807 4329 commendatione
819 4271 878 4330 hoc
897 4274 951 4332 tibi

122 4349 277 4409 offerimus
290 4352 498 4413 holocaustum
507 4374 516 4425 ς
526 4363 672 4433 petentes,
696 4364 728 4416 ut
743 4359 797 4433 qui
811 4361 877 4434 ejus
887 4362 950 4420 ani·

121 4440 308 4500 mamfecisti
321 4443 352 4501 in
364 4445 502 4517 passione
516 4446 678 4514 victricem,
695 4453 831 4509 nostrum
846 4454 949 4509 votum

121 4526 238 4587 allicias
256 4531 288 4589 in
306 4532 493 4591 confessione
507 4535 669 4603 victorem;
684 4552 757 4611 quo,
769 4538 876 4597 eodem
889 4539 951 4597 sul·

120 4616 270 4691 fragante,
285 4620 453 4681 clamorem
467 4630 579 4681 nostrae
596 4625 728 4698 accipias
740 4628 840 4685 vocis:

160 4709 245 4765 Pater
258 4714 369 4768 noster.
386 4712 543 4771 Liberalia
557 4713 648 4771 mato.
661 4715 715 4785 sol.
726 4718 752 4772 2.

292 4866 296 4873 ¹
393 4799 696 4861 btexxtltttuanlr.

172 4900 201 4941 ur
219 4900 306 4945 rasso
331 4904 494 4949 scaminus
522 4907 637 4950 ceucris
651 4908 684 4949 nr
703 4894 901 4952 aususausus

461 4994 604 5036 visoruou.

328 5108 332 5137 2
413 5066 469 5125 Ae
488 5068 652 5137 Vesperum.

157 5152 270 5211 leude.
297 5154 509 5215 laudaverunt
522 5161 550 5215 te
571 5157 697 5216 Domine
711 5174 817 5217 omncs
842 5161 949 5232 Angeli

118 5240 174 5299 tui.

156 5331 244 5390 Sono.
262 5332 397 5392 Alleluia.
412 5334 531 5393 lustitia
546 5336 636 5410 plena
646 5343 676 5395 et
687 5339 809 5397 dextera
817 5342 877 5398 tua.

156 5422 344 5493 Antiphone.
359 5424 434 5499 licea
448 5424 512 5483 istae
526 5427 675 5499 religiose
690 5428 821 5487 feminac.
833 5427 947 5486 Laudo

119 5506 203 5566 Filiae
221 5515 281 5569 tuse
296 5511 480 5572 llierusalem
492 5512 523 5571 in
537 5513 628 5575 latera
635 5522 766 5589 surgent.
783 5516 890 5586 eroere
902 5518 948 5587 so·

120 5600 165 5659 lio
183 5614 307 5661 canui.

1006 3304 1042 3349 eo
1055 3288 1275 3362 redemptos,in
1288 3287 1399 3345 saecula
1409 3285 1692 3360 gaudereooncede:
1709 3290 1742 3340 ut
1755 3284 1831 3341 call-

1005 3377 1048 3436 ois
1063 3376 1211 3451 permixti,
1237 3376 1323 3447 cujus
1337 3390 1392 3433 nos
1407 3374 1554 3433 effusione
1565 3372 1737 3446 redemptos
1755 3370 1829 3428 iate-

1005 3482 1084 3533 mur,
1096 3464 1191 3539 ipsius
1202 3462 1465 3523 transformatione
1475 3463 1515 3521 ab
1528 3458 1780 3534 becignobililate
1790 3459 1830 3519 ad

1005 3561 1147 3615 aeternam
1162 3554 1290 3627 gloriam
1301 3554 1459 3627 perducas.

1041 3646 1125 3702 Pater
1139 3647 1249 3701 noster.
1266 3641 1392 3699 liberati
1403 3657 1423 3700 a
1435 3640 1527 3700 malo.
1538 3640 1595 3713 fol.
1604 3641 1634 3699 2.

1040 3732 1219 3792 Benedictio.
1240 3731 1373 3790 Christus
1386 3729 1539 3799 Dominus,
1553 3729 1603 3804 qui
1615 3728 1747 3803 virgines
1759 3744 1831 3787 suas

1004 3823 1150 3895 agnetem
1162 3825 1190 3879 el
1203 3820 1446 3879 Emerentianam
1455 3822 1539 3878 casto
1557 3818 1616 3875 sibi
1627 3817 1830 3893 desponsavit

1005 3926 1118 3979 amore,
1140 3908 1386 3970 indissolubiliter
1397 3925 1450 3967 vos
1471 3908 1631 3968 sibisuam
1644 3907 1828 3966 charitatem

1004 4000 1138 4061 adsociet
1154 4019 1161 4071 ;
1175 4012 1207 4073 p.
1216 4000 1480 4075 Amenouiqueiu
1494 3997 1742 4071 illisvirginitatls
1753 4012 1825 4057 eou-

1004 4089 1208 4156 tulitdonum,
1224 4088 1493 4147 conteratinvobis
1508 4103 1573 4145 sum
1584 4085 1689 4158 gratias
1699 4085 1829 4161 eomple-

1006 4184 1151 4237 mentum.
1176 4191 1212 4250 tt·
1236 4182 1340 4236 Amen.
1365 4180 1400 4235 tlt
1431 4176 1485 4251 qui
1523 4174 1698 4247 virginitatis
1720 4174 1828 4233 decore

1004 4284 1066 4325 non
1081 4268 1207 4335 claretis,
1223 4283 1258 4325 ex
1289 4266 1400 4325 meritis
1412 4264 1567 4339 Virginum
1583 4263 1741 4339 potiamini
1754 4279 1827 4336 gau·

1005 4356 1072 4414 diis.
1095 4368 1130 4429 lp.
1146 4360 1252 4415 Amen.

1040 4446 1093 4503 Per
1107 4444 1346 4505 misericordiam
1361 4444 1457 4517 ipsius
1473 4443 1631 4509 Deinostri,
1643 4445 1701 4502 ete.

1040 4534 1156 4591 Laudo.
1185 4532 1408 4592 llxaltslaesunt
1433 4530 1501 4589 filis
1527 4531 1710 4589 llierusalem
1723 4547 1730 4599 ;
1744 4530 1776 4585 P.
1793 4530 1828 4585 nt

1004 4626 1232 4697 proccesserunt
1245 4624 1276 4679 in
1287 4620 1390 4693 gloria.
1407 4618 1539 4689 Alleluia,
1556 4619 1684 4685 alleluia,
1698 4616 1829 4675 alleluia.

1004 4711 1037 4773 i.
1054 4713 1178 4767 latetur
1192 4724 1280 4767 mons
1292 4711 1383 4782 Syon,
1398 4711 1428 4765 et
1436 4708 1567 4765 exultent
1578 4706 1647 4763 filiae
1656 4704 1671 4761 J
1674 4704 1753 4773 udae,
1763 4717 1831 4776 pro·

1005 4803 1070 4873 pter
1092 4798 1206 4872 iudicia
1229 4802 1280 4854 tua
1295 4796 1429 4854 Domine.
1453 4799 1482 4853 P.
1509 4794 1771 4868 Etproecsserunt.
1791 4790 1825 4854 ll.

1006 4888 1115 4959 Gloria,
1130 4891 1160 4945 et
1172 4886 1282 4944 bonor.
1299 4888 1329 4943 Ρ.
1347 4886 1607 4958 Etprooesserunl.

1042 4978 1154 5035 Oratio.
1169 4973 1314 5048 Deus,qui
1328 4972 1596 5044 barumvirginum
1605 4975 1726 5027 tuarum
1740 4971 1833 5041 Agne-

1004 5067 1042 5125 tis
1053 5070 1082 5124 et
1092 5064 1307 5123 Emereniiauae
1320 5077 1383 5119 non
1397 5065 1540 5128 terrenos,
1557 5059 1612 5117 sed
1636 5058 1752 5117 divinos
1764 5074 1831 5117 esse

1004 5157 1119 5213 tructus
1130 5152 1274 5211 enuncias
1280 5169 1290 5226 ;
1299 5151 1408 5209 tacnos
1420 5149 1528 5207 harum
1538 5148 1832 5221 obtentu,nouterre·

1004 5258 1045 5301 na
1060 5240 1386 5317 sapere,sedmundato
1399 5237 1491 5296 corde
1503 5236 1808 5311 coelestiapraestolari
1823 5255 1831 5297 ε

1004 5337 1037 5392 ut
1055 5332 1109 5405 qui
1122 5331 1231 5387 harum
1250 5329 1404 5401 virginum
1416 5327 1524 5385 devote
1538 5326 1700 5386 incolimus
1712 5326 1833 5397 festum,

1005 5416 1832 5492 anostrorumcrimlnumsordibussxpiemurommeu.

1041 5512 1098 5570 Per
1107 5510 1343 5570 misericordiam
1358 5512 1452 5579 tuam,
1466 5507 1545 5565 Deus
1559 5512 1672 5578 noster,
1686 5510 1741 5565 eto.

1028 5600 1208 5675 ,innomine
1224 5600 1343 5661 Domini
1352 5598 1457 5657 nostri.

2047 5026 2050 5067 l

2049 5106 2050 5142 l

2040 5160 2049 5245 i
