4117 6175
94 243 159 298 1097

231 368 383 437 Sanguine
403 366 482 425 fuso.

159 454 318 527 Theophilo
335 456 421 513 mittit
435 457 694 531 niveumpuerum

122 545 195 602 Cum
209 544 284 601 rosis
301 544 691 619 tribus,lotidemquemalis
706 561 712 601 ε

125 632 209 699 Vidit,
222 636 251 691 et
265 636 366 707 stupet
380 634 502 691 nimium
513 649 621 707 sagace

234 724 346 789 liunus,
363 728 518 796 etapium.

160 810 213 869 llic
225 810 286 868 fide
297 810 404 884 plenus
419 812 587 869 recidendo
599 812 748 870 Christum

124 899 260 957 intimat:
273 899 357 957 Credi
388 900 482 973 potuit
497 900 647 975 Tyranno,

124 990 227 1047 vertex
240 989 391 1047 abscissus
403 989 550 1047 meruisse
559 990 674 1048 claram

231 1077 353 1135 AEtheris
365 1078 476 1137 aulam.

158 1169 242 1225 Nune
252 1166 327 1238 leve,
345 1166 444 1239 Virgo,
456 1166 596 1238 precibus
609 1172 749 1225 tuorum:

122 1255 251 1315 Servulis
265 1256 365 1331 prebe
380 1258 500 1315 reniam
516 1257 685 1315 malorum:

124 1348 180 1403 Pac
192 1349 260 1404 tuos
276 1345 365 1403 nobis
378 1348 474 1404 socios
486 1351 628 1419 patronos

232 1436 527 1507 Longuminmrum.

161 1524 260 1581 Simus
273 1529 306 1581 ut
319 1529 419 1581 restro
436 1523 546 1597 placidi
560 1538 673 1587 amore,

124 1614 209 1670 Festa
217 1612 270 1686 qui
285 1612 515 1684 dignocolimus
525 1612 639 1669 honore
655 1625 663 1669 r

123 1701 206 1759 Pacis
220 1705 342 1758 utamur
351 1700 462 1774 periler
475 1701 602 1759 connexi

229 1792 345 1849 ldunera
353 1790 452 1861 digno.

159 1877 250 1935 Pestis
265 1876 416 1945 abscedat,
432 1878 586 1952 fugiatque
599 1877 728 1951 languor
748 1896 754 1935 :

123 1967 207 2034 Quod
221 1967 330 2039 Jugum
340 1967 449 2041 premit
458 1966 597 2040 populos,
611 1965 726 2040 depelle
743 1982 749 2022 :

124 2054 166 2113 sit
179 2055 264 2129 quies
278 2054 435 2121 defunctis,
457 2055 608 2113 medicina
621 2054 722 2127 ararim

229 2144 352 2219 litaque
366 2148 449 2217 apta.

155 2231 247 2293 Simul
260 2237 292 2290 ut
306 2238 414 2299 tecum
427 2232 575 2291 dorothea
587 2237 700 2298 sancta,

117 2319 225 2379 Aulam
237 2320 382 2379 coelcrum
393 2327 549 2380 teneamus
568 2320 711 2394 amplam,

115 2412 282 2485 Nostraque
298 2411 412 2469 Christo
425 2411 483 2469 siut
494 2410 650 2469 reboantia

225 2500 283 2557 Ora
297 2516 419 2569 canora,

153 2588 281 2647 Gloriam
296 2588 535 2663 psallatchorus,
553 2594 581 2645 et
593 2588 735 2646 resultet:

116 2676 250 2736 Gloriam
265 2678 354 2745 dicat,
371 2684 470 2745 canat,
487 2677 655 2735 ctrerolrat
675 2693 681 2731 :

115 2766 235 2825 Nemini
251 2768 337 2835 irino,
350 2766 454 2825 Deitati
469 2765 524 2823 soli

228 2856 328 2915 Sidera
338 2854 477 2913 clament.

156 2949 261 3005 Amen.

614 244 855 302 sanciendae.
880 274 909 286 -
931 242 1044 299 Pesla
1063 244 1266 305 Fussltdnlru.
1723 256 1792 313 1098

930 372 952 424 h
967 369 1128 434 contortas,
1139 378 1167 428 et
1181 376 1351 444 peccatores
1374 374 1438 429 sine
1453 390 1539 431 mora
1562 376 1708 446 justificas
1722 380 1791 452 ,qui

968 455 1064 513 tribus
1086 460 1186 531 malis,
1206 460 1416 517 totidcmrcsis
1440 462 1595 520 Dorothere
1607 466 1687 523 rotis
1705 481 1793 539 expe-

968 545 1019 603 tita
1030 548 1244 614 concessisti,et
1252 548 1447 620 Theophilum
1458 551 1543 621 regni
1559 553 1601 607 tui
1613 554 1792 611 coheredem

968 632 1082 692 iecisti:
1108 649 1212 693 eorum
1242 636 1381 709 precibus
1407 638 1607 696 emundemur
1635 640 1675 698 ab
1708 643 1793 700 omni

968 724 1146 794 contagione
1159 724 1369 799 peccaminum
1381 743 1389 795 ;
1400 740 1567 801 pacemque
1589 743 1660 786 cum
1673 730 1716 787 eis
1742 746 1794 789 oa·

967 810 1126 884 piamosin
1138 818 1217 871 terra
1229 813 1402 871 urendum.
1419 825 1452 887 n.
1472 818 1577 875 Amen.

1003 902 1056 957 Per
1068 900 1316 962 misericordiam.

1002 988 1169 1046 innomine
1184 990 1312 1047 bomini.

1248 1080 1298 1137 Ad
1317 1080 1508 1140 dotcrinam.

1002 1167 1186 1240 Antiphone.
1197 1168 1241 1227 Da
1252 1169 1341 1227 nobis
1352 1170 1494 1229 laetitiam.
1507 1172 1651 1229 Protinus
1659 1188 1686 1229 r..
1720 1172 1794 1232 Ora·

966 1257 1016 1313 tio.
1034 1255 1135 1314 Redde
1148 1257 1247 1327 nobis,
1263 1258 1396 1317 Domine.
1408 1260 1566 1331 scloamir.

1000 1345 1176 1417 Antiphone
1192 1351 1216 1402 l.
1233 1347 1411 1405 Sanctorum
1424 1364 1496 1406 ossa
1517 1349 1730 1421 germinabunt
1755 1351 1793 1407 dc

965 1433 1032 1492 loco
1046 1436 1162 1504 su03P.
1177 1436 1212 1491 lit
1239 1436 1364 1493 nomina
1392 1452 1497 1495 eorum
1510 1437 1587 1495 sicut
1603 1437 1665 1496 lilia
1677 1437 1794 1496 munda

964 1521 1140 1581 floruerunt.
1156 1524 1189 1586 i.
1204 1523 1305 1581 ltlultoa
1316 1524 1522 1583 tribulationes
1527 1526 1680 1599 justorum
1693 1544 1700 1583 ε
1714 1531 1744 1583 et
1755 1525 1794 1582 de

965 1610 1167 1669 bisomnibus
1178 1611 1314 1670 liberarit
1327 1630 1379 1670 cos
1397 1615 1550 1672 Dominus.
1567 1618 1599 1673 P.
1612 1618 1646 1673 lit
1656 1614 1793 1673 nomina.

926 1707 951 1765 Β
966 1699 998 1763 ll.
1010 1700 1121 1769 Gloria,
1138 1704 1167 1759 et
1179 1700 1276 1760 honor
1288 1702 1373 1759 Patri.
1390 1703 1419 1760 P.
1436 1705 1469 1761 at
1479 1703 1615 1761 nomina.

1003 1790 1119 1851 Oratio.
1134 1792 1210 1849 iteus
1223 1790 1448 1865 desperantium
1468 1792 1560 1865 salus,
1588 1797 1618 1850 ct
1628 1792 1794 1850 errantium

966 1878 1057 1946 viaet
1071 1880 1688 1956 peccantibusmedicina,quibeatissimas
1706 1882 1794 1953 virgi·

966 1982 1020 2025 nes
1033 1970 1184 2042 crysteten
1195 1978 1224 2027 et
1242 1969 1470 2044 callisten,quas
1481 1970 1598 2028 insidiis
1615 1970 1796 2029 hostiaanti·

965 2058 1235 2131 quusapropcsito
1247 2058 1443 2117 submoverat
1455 2059 1560 2116 Christi
1581 2060 1633 2129 tui,
1651 2057 1796 2132 pradica-

966 2146 1075 2202 mentis
1085 2145 1217 2205 simulac
1228 2146 1500 2220 precibusfamuloe
1518 2151 1579 2203 tues
1586 2146 1743 2205 Dorotheae
1755 2144 1796 2203 ad

965 2231 1081 2290 cultum
1093 2233 1266 2291 Christiana
1271 2235 1342 2291 fidei
1348 2235 1492 2293 revocasti
1504 2254 1511 2306 ;
1521 2235 1617 2309 pietas
1624 2239 1700 2292 tuaa
1707 2234 1796 2293 uobis

964 2321 1006 2377 ita
1022 2321 1167 2397 peccandi
1181 2337 1286 2381 casum
1303 2322 1431 2396 depellat
1452 2338 1508 2380 :ao
1527 2322 1747 2398 praestauobis,
1764 2326 1797 2379 ut

964 2410 1172 2483 germinemus
1187 2411 1226 2469 ds
1244 2412 1311 2469 loeo
1324 2413 1463 2471 uostroin
1472 2411 1555 2469 diem
1565 2412 1714 2470 adrentus
1730 2412 1794 2479 tui;

964 2500 1153 2559 etsicutlilia
1167 2501 1293 2570 munda,
1314 2500 1477 2559 floreamus
1502 2502 1534 2559 iu
1557 2505 1718 2575 conspectu
1744 2505 1796 2558 tuo

963 2588 1003 2647 ab
1021 2589 1108 2647 omni
1120 2588 1228 2646 delicto
1243 2588 1340 2645 securi
1354 2605 1390 2646 ao
1404 2588 1500 2647 liberi.
1517 2600 1549 2659 h.
1564 2590 1670 2647 Amen.

1003 2676 1614 2751 latipbcaa2.Germinabuntsanctisicut
1629 2677 1736 2734 litium.
1762 2677 1792 2732 P.

968 2768 1002 2825 Et
1014 2766 1161 2823 florebunt
1172 2767 1334 2823 sicutrosae
1362 2765 1515 2823 momoria
1534 2780 1649 2823 eorum.
1668 2762 1794 2838 [aaran]

963 2855 997 2918 i.
1012 2858 1124 2920 iustus,
1137 2859 1170 2911 ut
1181 2854 1284 2928 palma
1310 2854 1429 2912 florebit
1444 2872 1451 2911 :
1469 2858 1499 2911 et
1518 2853 1594 2911 sicut
1608 2852 1795 2926 cedruaquae

962 2949 1006 3002 cst
1019 2945 1051 3002 iu
1071 2944 1196 3013 Libano,
1211 2944 1468 3019 multiplicabitur.
1487 2946 1519 3001 P.
1536 2946 1571 3001 El
1588 2942 1747 3001 llorebuut.
1762 2940 1797 3003 l·

118 3034 318 3106 snpplicatio.
348 3036 483 3100 oremus,
519 3038 633 3090 mutato
666 3032 792 3100 nomine,
829 3031 907 3102 solio
923 3060 944 3120 C
963 3035 1071 3102 Gloria,
1086 3038 1115 3093 et
1132 3036 1238 3094 honor.
1254 3036 1286 3092 P.
1306 3033 1511 3095 Etilorebuut.

79 3137 234 3182 ccxxxrrr.
999 3125 1111 3184 Oratio.
1126 3125 1397 3185 Memoriaesanctre
1413 3141 1449 3182 ac
1468 3123 1659 3182 uenerabilis.
1686 3123 1791 3192 Quare

122 3212 278 3282 Capitale.
295 3215 432 3276 Faunos,
457 3211 581 3268 Domine
603 3214 670 3268 iesu
687 3211 811 3284 Christe,
825 3211 863 3268 ad
880 3215 908 3268 le
964 3218 1085 3275 retroiri
1107 3215 1491 3287 Vesperispraecedantihus.
1744 3271 1750 3288 ι

79 3300 319 3365 convenietin
336 3302 376 3357 tui
391 3302 691 3372 timorcnermaneru
702 3301 753 3374 qul
767 3299 911 3374 rneopnt-
1000 3304 1168 3378 Antiphone
1182 3309 1209 3360 a.
1239 3304 1350 3360 norae
1367 3301 1466 3360 sancti
1482 3301 1561 3358 sieut
1574 3315 1645 3356 rosa
1659 3290 1794 3371 planura

78 3389 91 3448 l
107 3405 151 3446 =m
166 3395 328 3462 martyrem
338 3395 422 3446 tuum
434 3389 470 3445 ad
483 3395 511 3444 te
522 3389 795 3447 convertriucistiex
808 3405 910 3464 aspec-
967 3410 1058 3467 super
1070 3409 1166 3467 aquus
1178 3409 1184 3447 ι
1198 3395 1228 3448 P.
1244 3394 1276 3448 dt
1294 3389 1384 3464 quasi
1397 3389 1492 3446 lilium
1506 3388 1573 3444 date
1588 3388 1714 3445 odorem
1724 3401 1794 3443 sua·

79 3483 116 3537 tu
130 3477 316 3534 delectabilis
336 3477 419 3550 pomi
429 3494 436 3533 ι
448 3477 531 3550 quod
546 3477 623 3534 sieut
636 3478 727 3535 menti
741 3477 806 3550 eJus
817 3480 848 3535 in
862 3479 910 3537 tri·
965 3482 1077 3541 sitatis.
1090 3480 1122 3543 i.
1141 3479 1266 3538 Plantati
1281 3479 1312 3536 in
1340 3479 1430 3536 domo
1445 3475 1575 3544 Domini,
1589 3475 1620 3533 in
1632 3475 1714 3534 atriis
1741 3474 1794 3531 do·

77 3564 515 3639 busmalis,totidemquarosis
522 3573 744 3625 sacramentum
753 3567 911 3625 insinuans
967 3588 1035 3628 mus
1047 3570 1099 3626 Dei
1112 3570 1208 3627 nostri
1218 3567 1449 3626 florebunt.P.Et
1461 3565 1549 3639 quasi
1566 3563 1673 3622 libum.
1688 3563 1718 3625 ti·
1728 3561 1794 3621 Glo-

76 3655 232 3715 Trinitatis
239 3656 277 3714 ad
288 3655 406 3713 culmen
417 3671 485 3712 curn
495 3655 734 3729 periectoeieoisti
745 3657 912 3732 pertingere
966 3661 1021 3730 ria,
1033 3665 1063 3718 at
1074 3659 1180 3718 honor.
1194 3658 1226 3714 P.
1242 3660 1275 3714 Et
1289 3657 1377 3730 quasi
1391 3655 1499 3713 lilium.

77 3743 400 3820 passionis‚supplicio
419 3761 487 3802 eum
502 3744 795 3816 glorificanscrncis;
810 3747 912 3804 sicnos
1004 3748 1246 3806 Oratio.i)omine
1259 3749 1329 3804 lusu
1339 3743 1514 3812 Christe,cui
1526 3748 1632 3801 sancta
1647 3741 1731 3814 virgo
1741 3744 1793 3799 tua

77 3833 183 3892 odore
195 3832 345 3891 charitatis
357 3833 681 3902 tuoe,reiioiens,etactu
694 3834 741 3892 lae
753 3835 805 3892 libi
816 3835 913 3908 placa·
968 3837 1125 3903 Dorotbea,
1139 3836 1219 3893 velut
1234 3851 1303 3893 rosa
1315 3832 1571 3908 plantatalloruit,
1587 3831 1660 3889 dum
1673 3831 1705 3888 iu
1717 3846 1796 3888 mar·

75 3923 166 3980 biles
180 3927 207 3979 rt
221 3937 346 3994 corpore
359 3921 493 3980 fortiores
505 3941 511 3978 :
521 3928 553 3978 ut
563 3929 688 3996 utraque
700 3923 805 3981 virtute
814 3923 915 3982 valen·
969 3927 1046 4001 lyrio
1059 3942 1113 4000 pro
1128 3930 1156 3982 te
1171 3924 1353 3996 sauguinem
1364 3922 1442 3980 fudit
1454 3941 1462 3993 ;
1473 3926 1503 3978 et
1515 3922 1593 3978 sicut
1603 3918 1700 3978 litium
1719 3918 1794 3976 odo·

78 4015 130 4069 tes
138 4017 211 4085 post
222 4017 247 4066 te
259 4009 289 4066 in
300 4010 426 4070 odorem
444 4020 663 4080 ungnentorum
678 4016 796 4068 luorum
814 4027 916 4069 crrrra-
969 4033 1033 4075 rem
1044 4015 1256 4074 suavissimum
1267 4014 1393 4086 deditite
1408 4013 1488 4070 euim
1501 4011 1797 4082 annuenterespectu

75 4118 171 4167 mus,
190 4105 218 4157 at
230 4101 361 4174 paternis
377 4099 532 4157 affectibus
556 4101 769 4173 implorantum
785 4105 814 4158 te
845 4116 916 4173 erga
970 4111 1102 4177 ornatur,
1118 4103 1363 4175 nudabuntur,
1389 4118 1426 4158 ax
1444 4117 1535 4175 opero
1558 4095 1797 4157 consecratoria

76 4207 144 4249 110⁵
170 4205 288 4263 semper
313 4190 490 4262 placabtlem
512 4191 690 4256 sentiamus.
721 4205 789 4247 tum
816 4189 856 4247 td
889 4193 916 4248 ie
970 4194 1124 4269 passione)
1135 4192 1306 4266 supplicum
1320 4187 1798 4264 precibusbenignusintendszet

73 4277 388 4354 proclamaverimus.
971 4301 1024 4358 per
1038 4283 1244 4358 paenitentiam
1257 4296 1313 4338 nos
1324 4280 1377 4338 tibi
1389 4278 1687 4352 iaciascomplacere,
1703 4280 1733 4334 et
1744 4289 1799 4350 per

120 4371 214 4425 Pater
222 4371 333 4424 noster.
351 4367 476 4424 liberati
491 4383 509 4424 a
522 4366 613 4424 malo.
625 4368 683 4439 fol.
694 4371 720 4426 2.
934 4365 1114 4474 Dhonestos
1128 4378 1227 4421 mores
1242 4361 1295 4420 tibi
1308 4360 1460 4433 conjungi.
1481 4371 1514 4433 n.
1530 4368 1635 4417 amen.

122 4455 307 4514 Benedictio.
324 4454 507 4530 Redemptor
520 4459 616 4512 vester
630 4471 665 4514 ac
681 4454 919 4514 Dominuslloro·
1007 4455 1060 4512 Per
1075 4451 1317 4511 misericordiam.

77 4545 171 4603 rueae
187 4559 242 4600 ros
256 4544 380 4615 virginis
404 4543 547 4616 suffragio
560 4543 686 4612 muniat,
700 4544 754 4618 qui
774 4561 828 4618 per
851 4561 919 4604 eam
1009 4555 1041 4618 ry.
1057 4542 1131 4599 lusti
1145 4542 1176 4598 in
1190 4544 1369 4616 perpetuum
1383 4539 1492 4609 vivent,
1508 4541 1538 4595 P.
1554 4540 1589 4595 Et
1600 4536 1682 4611 apud
1703 4535 1799 4594 Deum

76 4633 259 4708 crysteten
273 4640 302 4688 et
316 4633 453 4690 callisten
475 4632 669 4706 poenitudinis
692 4634 918 4707 acceptavitla·
974 4635 1145 4692 estmerces
1172 4645 1288 4687 eorum.
1303 4627 1334 4690 P.
1349 4629 1502 4686 iustorum
1516 4627 1625 4684 animes
1658 4625 1798 4682 inmanu

72 4724 499 4794 menta:lr.amen.llcaicul
513 4721 920 4797 illaepostlapsumadsalu·
976 4721 1027 4780 liei
1040 4723 1118 4789 sunt,
1135 4723 1239 4776 elnon
1267 4722 1369 4789 tanget
1382 4716 1451 4775 illos
1475 4718 1657 4775 tormentum
1682 4712 1798 4771 morlia.

74 4817 120 4874 lis
135 4809 227 4870 viam
242 4827 372 4870 reversae
386 4818 466 4882 errat,
480 4813 523 4869 sic
537 4825 602 4879 vos,
615 4812 723 4871 relictis
734 4815 919 4889 supertitio·
974 4814 1007 4870 P.
1026 4813 1059 4869 lit
1088 4809 1172 4884 apud
1195 4809 1300 4865 Deum.
1321 4805 1355 4869 lt.
1383 4807 1493 4875 Gloria,
1519 4810 1548 4864 et
1567 4804 1674 4861 bonor.
1705 4801 1738 4858 P.
1766 4802 1800 4858 lit

71 4903 184 4962 nibus
200 4901 317 4968 mundi,
348 4900 517 4975 sequamini
539 4900 686 4958 Christum
699 4913 747 4974 πῂ.
760 4905 865 4961 hmcn.
887 4903 922 4961 llt
975 4899 1067 4974 apud.

71 4992 157 5065 ejus
174 4988 330 5063 sequendo
339 4988 468 5061 vestigia
491 4987 628 5062 exemplo
649 4989 805 5062 Theophili
830 4991 922 5050 odore

71 5077 204 5138 Christi
218 5077 394 5152 repleamini
410 5083 439 5134 et
455 5077 561 5149 gratia.
578 5089 611 5149 u.
627 5081 731 5135 Amen.
1012 5079 1058 5135 Ad
1071 5077 1241 5136 Canticum.
1257 5067 1799 5147 Antiphone..lliligentestellomine.

118 5167 186 5226 Per
197 5167 446 5226 misericordiam.
980 5169 1141 5227 Canticum.
1157 5164 1213 5233 Qui
1225 5168 1333 5238 sponte
1343 5160 1559 5232 obtulistisfol.
1572 5175 1663 5216 curri.
1683 5157 1734 5216 Aa
1745 5159 1801 5217 Be·

117 5255 246 5312 Lauda.
262 5255 412 5313 Gaudium
425 5255 650 5329 sempiternum.
662 5256 720 5328 sol.
734 5273 815 5314 ccxn.
979 5257 1125 5316 nedictus.
1141 5253 1320 5327 Antiphone.
1336 5252 1478 5317 Sancti,et
1484 5248 1622 5307 humiles.
1633 5249 1801 5307 Canticum.

120 5345 246 5402 matio.
263 5345 756 5403 liemoriaesanctaracrencrabilis
769 5347 923 5406 llorothcaa
981 5345 1158 5404 benedictus
1175 5359 1206 5400 es
1232 5343 1366 5401 Domine.
1378 5342 1433 5412 sol.
1459 5345 1485 5397 G.
1496 5339 1583 5398 Seno.
1606 5338 1691 5398 Salus
1702 5337 1803 5410 jusio-

70 5431 218 5505 virginis
225 5433 557 5506 acmartyristuae,sioul
570 5449 642 5492 rosa
655 5434 756 5494 ilorrrit
765 5436 830 5508 eius
848 5454 925 5497 mar-
977 5453 1045 5495 rum
1059 5433 1226 5493 abomino.
1239 5431 1490 5493 Laudabaudate
1496 5426 1699 5488 Dominumde
1708 5426 1801 5484 coelia

70 5521 167 5601 tyrii
180 5522 303 5595 unguis
316 5521 608 5599 :contrahensqui
618 5523 727 5584 electos
736 5525 924 5602 interponas
978 5527 1119 5586 Prolmat
1132 5539 1234 5584 arsur.
1248 5521 1423 5595 Prophetia-
1449 5522 1601 5580 iustorum
1613 5517 1733 5666 uggm'
1743 5517 1803 5591 sol.

242 5609 364 5672 Parnon.
383 5608 534 5674 bxxxvt.

1277 4986 1312 5043 la
1338 4984 1499 5045 Laudibus.
