4117 6175
134 314 205 379 elev
715 296 962 370 stucrournu
981 336 1016 351 -
1035 302 1148 368 unsre
1163 310 1263 372 tutu.
1772 317 1841 377 115⁸

133 444 249 509 elamor
262 440 359 504 inetur
373 441 420 499 est
438 455 444 495 :
461 440 534 497 Eone
555 453 684 513 sponsus
705 437 796 503 venit,
819 434 894 498 exite
909 426 999 491 obl
1087 436 1244 514 solersque
1256 438 1371 499 temule
1382 439 1487 499 viotrrr
1497 442 1645 515 quesivit

134 534 214 595 viam
230 530 266 591 ei.
281 533 314 591 P.
330 532 362 587 ut
373 545 451 605 quoe.
467 527 498 591 i,
514 527 622 599 Gloria,
638 534 666 588 et
677 528 783 585 honor.
798 526 961 583 uerteretur
1121 528 1202 584 bene
1216 544 1271 599 pro
1284 528 1406 605 piaculis
1421 529 1486 601 jam
1499 532 1611 589 Christe
1626 534 1734 594 nostris

134 620 377 689 responsorium.
1088 614 1329 687 suffragatricem
1345 618 1470 677 admitte
1485 635 1623 696 semper:

172 713 285 769 Oratio
304 712 359 767 Fee
372 724 437 774 nos,
454 706 579 765 Domine
594 708 667 765 iesu
682 706 805 772 Christe,
819 706 850 761 ut
861 702 961 761 oleum
1087 703 1123 759 Ut
1135 704 1214 759 cives
1229 711 1347 762 strenue
1360 713 1509 780 proteget,
1525 724 1582 766 sun

133 801 302 878 prudentie
313 798 343 857 in
354 797 433 857 venis
442 796 630 857 conserentis
642 811 720 871 pure
729 794 836 853 mentis
845 790 962 865 integri·
1088 790 1238 861 Sanguine
1250 795 1401 861 muniens,
1411 811 1560 869 preseque
1574 802 1685 857 lutens.

135 896 196 951 tete
212 904 367 949 servemus
385 904 390 945 :
407 902 479 963 quo,
492 885 567 943 dum
581 885 695 945 elamor
707 883 803 946 luctus
820 881 917 947 tuerit,
930 882 963 941 ut
1121 881 1247 941 AEternoe
1262 883 1351 953 Proli,
1365 884 1498 959 ingenito
1512 886 1594 948 Petri

134 980 189 1041 uni
203 994 315 1049 sponso
325 974 456 1040 venienti
464 976 504 1037 sd
516 974 663 1052 tudinium
674 973 796 1033 obvim
807 986 961 1034 exeamus,
1087 968 1160 1025 cnm
1172 968 1283 1029 Senoto
1302 973 1412 1046 Spiritu
1425 976 1561 1049 perenni.
1574 976 1672 1040 bonor

134 1083 197 1132 non
213 1083 283 1131 oum
304 1066 406 1135 futuis,
421 1063 475 1127 sed
490 1079 561 1125 eum
579 1062 779 1139 prudentibus
791 1056 961 1135 Virginibus
1089 1057 1129 1115 Sit
1138 1059 1202 1130 tihi,
1218 1060 1313 1132 glorie
1323 1080 1454 1140 semper,

136 1156 302 1221 compendi
316 1155 560 1217 adnumeremur.
576 1164 609 1228 tp.
625 1156 730 1215 umen.
1086 1145 1205 1205 P⁰¹¹0ss⁸
1220 1152 1366 1229 perpetim
1383 1153 1433 1213 sit.

169 1250 224 1307 Per
237 1242 481 1308 misericordiam.
1122 1237 1228 1297 Amssss·

440 1332 475 1388 tu
489 1330 652 1388 Laudibus.
1044 1327 1239 1398 supplicatio.
1256 1330 1614 1407 uremusuedemptorem
1625 1336 1732 1399 mundi
1742 1336 1840 1403 Domi-

168 1424 218 1485 Ad
229 1421 594 1493 continentissimum.
607 1413 961 1489 sustenementum
1014 1434 1091 1477 num
1104 1424 1250 1483 nostrum,
1262 1423 1296 1476 ut
1309 1434 1402 1485 supro
1422 1420 1564 1491 Vesper-ir.

132 1514 276 1591 pereipite
285 1513 436 1587 prinsipes
447 1530 454 1571 :
467 1510 530 1582 ugo
546 1524 614 1569 sum
625 1524 694 1583 qum
704 1506 830 1565 nomino
840 1519 959 1577 numm,
1053 1506 1203 1578 capituto.
1215 1505 1302 1573 Deus,
1314 1507 1366 1580 qui
1376 1523 1497 1579 messus
1506 1511 1842 1578 senetissimsrturtvsin

133 1600 263 1679 peullam
277 1602 338 1661 Deo
354 1598 465 1661 isreel:
1014 1594 1167 1667 Evangelii
1182 1595 1269 1669 peois
1290 1599 1509 1672 prtepsretione
1523 1600 1566 1658 ite
1585 1602 1720 1671 munisti,
1736 1609 1768 1661 ut
1787 1620 1842 1663 nee

171 1690 339 1753 Canticum.
352 1690 407 1761 Qui
422 1691 527 1763 sponte
541 1686 698 1747 obtulistis.
712 1687 773 1759 sot.
799 1700 893 1761 enuit.
1015 1685 1163 1743 lrssitudo
1182 1684 1322 1744 laboriosi
1336 1685 1449 1745 itineris
1462 1690 1691 1751 teneritudinem
1710 1693 1842 1765 eorporis

172 1782 285 1841 oratio.
296 1779 573 1855 [tenequiomnem
583 1776 734 1848 virginum
744 1772 963 1847 gloriemtllin.
978 1769 1002 1834 B
1017 1775 1170 1842 emolliret,
1182 1790 1237 1831 nee
1248 1774 1388 1833 roborem
1399 1778 1508 1837 mentis
1520 1794 1680 1851 poenorum
1686 1782 1841 1843 diversitos

133 1884 203 1929 rum
217 1870 320 1945 utique
334 1867 620 1941 septemtrionem
635 1881 700 1927 esse
711 1866 757 1924 vis
768 1884 777 1933 ς
787 1868 821 1923 ut
830 1863 961 1923 testimo·
1018 1869 1172 1923 enervaret
1186 1881 1192 1921 :
1211 1864 1253 1921 de
1266 1862 1356 1925 nobis
1367 1865 1533 1925 humilibus
1544 1869 1605 1925 tuis
1618 1871 1782 1930 mundone
1794 1872 1839 1933 tti-

134 1957 220 2019 nium
233 1957 338 2015 elene
350 1956 452 2019 leudis
463 1971 524 2017 non
536 1959 689 2029 appetent,
698 1969 775 2025 ques
782 1954 874 2013 virtus
885 1950 915 2011 in
926 1967 964 2009 se·
1017 1954 1152 2013 leetionie
1161 1954 1268 2013 itinere
1277 1953 1526 2029 deeliuersstque
1535 1962 1736 2028 oontemnsre,
1749 1966 1779 2019 et
1787 1976 1840 2035 per

135 2045 375 2115 ternalaetitieet3
390 2044 695 2105 annuenobiseerum
704 2041 863 2117 Virginem
872 2041 963 2115 preei-
1016 2045 1099 2102 viam
1112 2044 1206 2118 peeis,
1220 2059 1282 2117 que
1293 2044 1333 2101 ed
1349 2049 1378 2103 te
1395 2046 1618 2118 perveniemus.
1633 2063 1756 2121 umerus
1767 2065 1838 2111 uos·

134 2135 206 2205 bus,
220 2141 249 2193 et
263 2142 294 2193 ut
304 2135 455 2195 humanus
467 2133 572 2195 tendes
584 2132 725 2205 elingere,
741 2138 769 2188 et
780 2130 852 2188 boni
864 2130 963 2205 operis
1017 2138 1079 2192 tros
1094 2133 1254 2191 elementer
1264 2133 1394 2205 impone.

134 2222 215 2285 intre
233 2239 289 2289 nne
303 2225 505 2285 testimonium
521 2224 679 2297 deportsre
695 2236 777 2297 :quo
792 2219 962 2293 etvirgines
1051 2225 1307 2283 presumerent
1330 2238 1370 2281 no
1391 2238 1460 2282 nos.
1481 2225 1541 2285 sed
1554 2225 1659 2287 ubere
1675 2228 1803 2291 uberti
1820 2242 1839 2293 r

134 2312 335 2391 persistemus
349 2316 380 2373 in
395 2314 466 2379 noe,
479 2318 509 2373 et
519 2312 725 2387 incorruptum
740 2327 778 2372 ex
787 2310 846 2373 bon
860 2309 961 2385 repie-
1015 2314 1106 2373 melo.
1123 2313 1291 2382 Queresot.
1306 2317 1337 2371 n.

133 2417 205 2463 mus
218 2400 424 2463 hereditatem.
439 2414 474 2476 tp.
490 2402 596 2461 Amen.
1050 2401 1493 2475 Remitterebominusnlit.

171 2488 227 2553 Per
239 2490 487 2554 miserirordiem.
1050 2490 1379 2551 taruennensem
1397 2492 1572 2559 bominum,
1585 2501 1620 2554 rst
1636 2512 1733 2569 snpra
1750 2500 1782 2558 ie
1794 2508 1840 2560 se

170 2580 417 2641 submittunt.
438 2581 624 2653 Antiphone
644 2579 716 2640 Filin
738 2580 821 2649 Sion,
834 2576 962 2639 benedis
1014 2583 1119 2653 sperit.

135 2669 265 2731 Domino
287 2672 346 2731 Deo
379 2669 495 2731 erosleo
519 2670 551 2731 in
584 2668 669 2729 omui
693 2667 902 2729 benedietions
933 2670 963 2727 st
1050 2668 1236 2728 Benedictio.
1253 2666 1406 2727 custodiet
1420 2684 1472 2725 vos
1483 2669 1631 2729 Dominus
1646 2676 1840 2747 omnipotens

135 2750 238 2821 laude.
1016 2754 1583 2815 sanctarumsuerumtueteetuuune
1589 2760 1840 2832 pmibuserore·

175 2846 344 2909 Continuus.
368 2846 545 2907 Benediotus
570 2862 604 2907 es
625 2846 752 2909 Domino
771 2846 860 2905 neue.
878 2843 960 2903 tneo.
1015 2850 1082 2903 tus:
1106 2852 1138 2911 p,
1152 2846 1257 2902 Arnen.
1273 2844 1315 2902 Sit
1328 2843 1415 2903 vobis
1433 2843 1548 2919 ubique
1567 2848 1726 2921 propitius,
1740 2850 1795 2924 qui
1808 2852 1840 2910 in

137 2935 283 2995 Dominus
297 2936 371 2997 rnibi
386 2936 438 2997 det
449 2937 597 3008 linguens.
611 2937 716 3007 (tuere
725 2936 785 3007 sot.
810 2937 872 2995 318.
1017 2935 1133 2993 Senotis
1148 2933 1212 2991 suis
1233 2948 1355 3005 semper
1366 2937 1414 2993 eet
1434 2934 1603 3005 gloriosusr
1618 2946 1650 3010 tp.
1671 2941 1778 2998 enm.
1790 2944 1840 2999 et·

174 3026 292 3088 Laude
310 3026 444 3090 etune.
469 3027 600 3088 Lnudete
629 3026 790 3085 Dominum
817 3022 857 3083 de
878 3022 961 3083 retis
1016 3041 1077 3099 que
1088 3024 1182 3098 ipsius
1196 3025 1304 3099 pietets
1326 3023 1366 3081 eb
1390 3024 1533 3083 omnibus
1549 3026 1638 3084 melis
1656 3029 1750 3102 erepti
1764 3030 1841 3089 sbri-

137 3114 263 3192 [oourv]
278 3115 411 3186 Alleluie,
424 3116 544 3178 elleluie
557 3135 565 3172 r
580 3116 702 3176 tondete
712 3131 783 3176 eum
794 3115 825 3174 in
840 3092 998 3176 aestuet
1017 3119 1112 3172 smete
1123 3112 1301 3188 repleemini
1320 3112 1448 3187 Spiritus
1458 3115 1569 3175 Smob.
1583 3129 1619 3190 ιι.
1628 3120 1736 3179 Amen.

136 3205 270 3267 Alleluie
287 3205 413 3266 elleluie.
427 3207 568 3266 Protinus
578 3221 691 3268 urlvut.
1052 3206 1105 3262 Per
1117 3203 1352 3262 miserirordiem
1363 3209 1458 3264 tuem.

307 3295 488 3356 tetulisse·
499 3296 570 3356 Jesu
584 3295 789 3368 <Cart-mu).
1052 3299 1086 3352 ln
1096 3293 1219 3352 nomine
1231 3293 1351 3352 Domini
1368 3295 1472 3352 nostri.

174 3393 206 3456 tp.
219 3385 280 3442 Deo
294 3385 417 3455 moues.
1352 3379 1410 3439 but
1437 3384 1504 3440 11111.

172 3473 277 3531 Audite
291 3489 341 3531 me
354 3473 448 3532 divini
463 3473 586 3542 trnotus,
601 3476 630 3530 et
643 3471 731 3547 qussi
744 3486 815 3530 rose
827 3470 962 3545 plentete
1092 3488 1120 3531 ru
1137 3485 1313 3531 resurvrrrrr
1331 3485 1443 3529 rmore
1462 3483 1570 3531 rurutn
1586 3487 1708 3534 merrus
1724 3490 1760 3533 rr

135 3565 463 3639 superrivosequerum
472 3561 656 3624 trustiboete.
663 3561 961 3630 bussilibenusotto·
1496 3603 1504 3618 .

134 3651 739 3720 remensuuuenebetertoreteuoree,
753 3651 959 3726 praetutium.
1309 3649 1360 3708 eu
1380 3652 1545 3724 Vesperies.

136 3743 207 3804 dete
231 3743 368 3812 odorem,
383 3742 519 3804 irond'ste
533 3744 563 3804 tn
582 3742 709 3815 pretinm
732 3744 761 3800 et
784 3741 962 3800 eonleudms
1051 3740 1167 3800 tenue.
1182 3740 1317 3815 spermit
1324 3739 1428 3798 enims
1435 3741 1544 3798 meein
1555 3739 1693 3804 Domino.
1706 3749 1730 3804 t
1743 3752 1841 3806 enno·

135 3831 518 3900 senuerimetnsneuioite
529 3831 961 3905 uomtnumtnoperibnsruts.
1016 3830 1067 3888 die
1081 3828 1237 3887 matutine.
1260 3829 1298 3888 Ρ.
1322 3829 1481 3903 nequead
1501 3845 1618 3892 norem.
1636 3835 1668 3896 i.
1684 3837 1829 3898 Sustinuit

138 3925 212 3984 bete
220 3922 336 3982 nomini
346 3921 682 3994 ejusmegnillosntiem,
694 3918 911 3980 eteonbtemini
920 3919 962 3978 ult
1017 3920 1119 3978 enims
1130 3933 1197 3976 mea
1211 3918 1241 3976 in
1255 3918 1421 3986 verbotuo,
1435 3920 1571 3981 bomine.
1586 3923 1840 3987 neutrumne

139 4011 254 4068 invoee
266 4011 416 4070 lubiorum
430 4016 610 4079 vestrorum,
624 4011 655 4068 in
670 4008 961 4076 musulaniorum,
1016 4008 1217 4074 intendentes,
1228 4009 1260 4064 in
1271 4008 1437 4067 oretionsnr
1456 4011 1574 4070 ruoilo
1585 4019 1658 4071 tues.
1678 4016 1719 4073 P.
1740 4018 1840 4092 Usque

139 4105 171 4157 et
183 4099 316 4164 umeris,
327 4100 409 4158 etsie
421 4099 565 4159 dioetisin
580 4099 769 4158 oontereione
783 4111 791 4158 t
803 4099 896 4171 opere
909 4099 963 4158 llo-
1018 4100 1058 4158 ed
1076 4103 1195 4156 noetem
1218 4095 1251 4159 tt.
1268 4097 1376 4166 Gloria,
1389 4105 1418 4156 et
1428 4100 1536 4158 bonor.
1551 4102 1584 4160 P.
1605 4105 1755 4178 Usqueed
1766 4121 1840 4167 noe·

139 4188 370 4248 miniuoiverre
381 4188 574 4248 benevmrte.
591 4191 697 4248 btnen.
1018 4195 1090 4250 ten.

478 4278 627 4350 Hpmsrns.
1057 4277 1201 4336 nominoe
1216 4277 1256 4336 sit
1268 4291 1398 4350 semper.
1413 4281 1447 4345 tp.
1468 4279 1502 4336 111
1516 4291 1595 4338 enm.

248 4369 400 4428 Goneemu
411 4367 615 4440 pertulusum
625 4381 772 4426 eruemus
1055 4369 1145 4426 sore
1154 4366 1231 4424 eunt
1243 4367 1316 4432 title,
1330 4374 1360 4424 et
1372 4367 1451 4435 etde,
1466 4373 1495 4425 et
1505 4368 1617 4430 iustine
1630 4385 1736 4433 eurem
1746 4378 1841 4435 tuem.

213 4457 313 4530 virge,
328 4475 394 4532 que
409 4458 470 4516 Deo
482 4457 594 4531 pleonit
608 4456 721 4542 pudore
978 4418 1004 4494 ὓ
1019 4458 1053 4514 Ρ.
1069 4458 1145 4524 Quis
1162 4457 1393 4530 eoneupiritnrr
1403 4458 1656 4530 pulchritudinem
1666 4470 1760 4522 teum.
1770 4467 1844 4524 Alle-

211 4548 237 4602 Α
251 4548 356 4620 primis
371 4546 482 4621 pudiea
493 4545 621 4604 rudibus
635 4545 734 4619 annis,
1019 4547 1091 4604 lule.
1105 4545 1137 4607 tt.
1154 4549 1217 4617 lpse
1230 4553 1278 4603 est
1286 4545 1434 4603 Dominus
1445 4548 1523 4606 Deus
1531 4555 1601 4608 tuus
1612 4565 1620 4620 ς
1633 4557 1662 4609 et
1674 4553 1845 4612 adorabunt

212 4635 333 4692 Devieto
347 4636 433 4694 libitu
453 4634 562 4693 celebs
576 4634 754 4708 permensit.
1020 4651 1090 4692 enm
1106 4634 1205 4693 tillia:
1227 4634 1258 4690 in
1277 4635 1454 4693 muneribus
1467 4637 1581 4695 vultum
1602 4644 1687 4697 tunm
1704 4639 1845 4716 deprene-

247 4727 317 4784 tltee
329 4729 449 4800 questu
462 4723 583 4791 lnborls
598 4723 680 4782 vesle
691 4723 841 4790 llotilibun
1018 4723 1134 4783 buntur
1146 4737 1252 4781 omnes
1266 4723 1373 4782 diriter
1385 4730 1480 4784 terres.
1497 4728 1600 4785 Omnis
1611 4728 1707 4799 glorie
1719 4729 1794 4804 etus.
1807 4733 1840 4792 P.

213 4814 334 4874 vietum
348 4813 679 4888 peuperibusprrebetp
695 4812 813 4886 sibique
1020 4811 1288 4888 Quieooneuplvit

215 4904 416 4962 Contemnere
429 4903 579 4972 sreeulum,
594 4903 744 4961 Christum
759 4905 861 4962 seeete
1058 4902 1204 4964 Dominus
1217 4902 1257 4962 slt
1268 4918 1395 4978 semper.
1413 4915 1445 4978 a.
1461 4905 1496 4962 Et
1506 4921 1586 4962 eum.

213 4993 441 5066 suppeteretur
454 4993 525 5051 vivit
539 5007 660 5066 semper
677 4993 709 5050 in
720 4992 844 5050 othere.
1056 4993 1845 5067 Antiphonoueudsnitomnesnmortementmsmee

249 5083 373 5140 biterris
384 5081 515 5156 denique
525 5081 643 5154 pollens
659 5079 799 5148 oreoulis,
1023 5077 1196 5147 Dominum,
1211 5081 1264 5156 qni
1284 5079 1363 5139 eruit
1375 5095 1457 5138 mes
1479 5094 1548 5151 rege
1567 5083 1704 5158 injusto:
1724 5089 1764 5145 P.
1781 5089 1848 5148 ute

215 5161 399 5232 contessum
415 5171 535 5245 perimit
546 5175 717 5244 portentum
735 5169 860 5228 vibrans
1023 5183 1167 5244 pressure
1179 5170 1325 5241 flemme,
1339 5183 1407 5244 que
1431 5170 1636 5244 otrenmdedit‚
1652 5175 1726 5234 etin
1745 5179 1847 5238 medio

215 5260 350 5319 leestis
362 5260 477 5334 spinule
490 5259 585 5332 lteris,
601 5258 731 5319 retundit
1022 5259 1102 5331 ignis
1113 5273 1175 5316 non
1186 5275 1254 5317 snm
1267 5264 1401 5317 mstuete.
1411 5259 1442 5321 i.
1454 5259 1635 5320 Benedieem
1647 5265 1809 5325 bominum
1818 5268 1849 5326 ln

216 5353 383 5424 sceptrum,
399 5344 618 5423 perfidiamque
634 5349 707 5408 servi
721 5349 826 5408 bostis·
1024 5347 1389 5422 omnitemporersemper
1398 5349 1536 5422 leueelus
1545 5350 1577 5407 ln
1589 5367 1641 5410 ore
1652 5357 1776 5414 me0.P.
1786 5357 1849 5416 lite

250 5440 329 5500 illino
342 5439 465 5497 subiens
480 5439 556 5497 dure
571 5444 729 5512 tormonte,
1024 5433 1211 5511 presentet.
1225 5436 1465 5494 Glorieetbenor
1478 5437 1567 5496 Petri.
1579 5440 1613 5496 P.
1625 5443 1658 5499 tlt
1670 5455 1849 5516 epressure.

214 5529 452 5602 Altissnpnlioiis
466 5529 676 5601 ritemreporit
1060 5525 1208 5584 Dominus
1221 5527 1260 5584 sit
1271 5541 1401 5600 semper.
1414 5535 1446 5600 tp.
1464 5530 1497 5584 ltt
1509 5543 1590 5586 enm.

217 5620 383 5695 colestem,
397 5621 506 5684 meruit
514 5635 608 5696 quem
621 5626 699 5684 terre
710 5625 827 5696 potens,
1060 5617 1253 5694 LoudnJgne
1264 5617 1637 5697 moeremuesuuomine,
1646 5623 1682 5686 Ρ.
1691 5625 1725 5688 ut
1733 5623 1850 5704 [cmxv]
