4117 6175
106 248 177 308 uae
528 265 532 273 ¹
650 242 896 309 sanciendus.
916 278 951 289 -
970 234 1083 306 issia
1101 242 1266 312 sucosa.
1745 246 1816 317 troo

104 376 136 437 rt.
151 378 213 451 Ego
226 375 337 443 autem,
362 371 438 428 sicut
455 370 533 429 oliva
554 370 704 433 lructiiera
721 374 752 431 in
771 374 863 432 domo
876 377 932 432 Do·
946 373 970 431 A
986 374 1015 431 et
1029 376 1163 449 perlecta
1176 394 1256 449 mea,
1271 393 1333 437 una
1346 380 1392 436 est
1411 376 1515 435 matris
1528 376 1642 449 regim,
1654 362 1748 440 electa
1765 400 1817 454 ge·

105 463 190 531 mini,
206 458 335 537 sperabo
348 456 594 516 inmisericordia
604 460 723 521 Deimei
733 460 763 520 in
775 466 931 533 aeternum,
987 460 1084 522 uitrici
1099 482 1172 524 sure.
1185 468 1327 525 Viderunt
1337 466 1419 524 illam
1426 466 1495 524 fllia
1503 467 1694 538 Hierusalem,
1709 470 1817 531 etbca·

106 556 134 611 et
150 549 291 609 saeculum
309 545 421 605 saculi.
435 547 468 603 P.
486 550 518 605 Et
537 549 635 625 quasi.
655 550 688 613 l.
702 550 809 617 Gloria,
837 554 866 608 et
881 549 933 607 ho
987 548 1397 627 tissimampreedicauerunt,
1408 556 1818 624 reginaetconeabtnatsu-

107 654 174 697 nor.
187 640 220 697 P.
237 638 270 695 Bt
284 636 381 711 quasi.
981 638 1136 707 ,daverunt
1150 658 1229 701 eam.
1242 646 1313 711 Qua
1323 646 1370 701 est
1380 643 1445 706 ista,
1454 658 1524 716 quas
1535 645 1820 723 progrediturquasi

145 730 255 787 Oratio.
273 728 346 783 Ecce
358 724 492 793 Domine,
506 726 581 785 sicut
591 726 698 785 cedrus
708 728 836 785 exaltan
845 726 935 784 hodie
991 743 1100 787 aurora
1114 746 1310 803 consurgens,
1324 731 1448 807 pulchra
1464 736 1497 789 ut
1511 732 1604 799 Luna,
1631 737 1659 791 et
1679 736 1773 794 electa
1787 741 1820 796 ui

108 818 140 875 in
156 816 239 874 coelis
254 814 384 887 gloriosa
395 816 577 889 virgouaria
589 822 755 891 permanet,
765 817 850 885 dum,
861 818 937 873 sicut
991 815 1193 887 Soiterribilis
1203 820 1818 898 oleastrorumscissordinstsucapsru.)

109 906 190 964 oliva
202 905 347 981 speciosa,
356 902 484 961 iuletuis
497 904 647 962 mentibus
660 906 823 978 prudentias
836 905 936 963 eleum
990 904 1063 973 Quia
1079 912 1123 963 est
1136 907 1203 978 ista,
1218 924 1286 983 qua
1300 908 1433 966 ascendit
1452 907 1491 965 de
1505 908 1632 978 deserto,
1647 908 1761 969 deliciis
1773 912 1817 970 ai·

107 994 266 1067 impendit,
282 997 319 1063 et,
332 992 437 1051 atritis
444 991 637 1060 fructificans,
656 996 834 1053 suavitatem
847 993 936 1050 bonae
989 992 1098 1061 fluens,
1112 996 1201 1054 enixa
1213 1013 1303 1071 super
1310 996 1451 1055 dilectum
1462 996 1659 1056 suumll’one
1667 1015 1714 1056 me
1722 1000 1819 1074 utsig.

107 1082 175 1141 ritae
196 1083 281 1139 terris
304 1080 411 1138 emisit.
432 1080 559 1139 Proinde
580 1098 767 1157 quaesumus,
792 1086 823 1139 ut
843 1080 936 1138 odore
990 1084 1816 1159 naculumsupercortuum,etquasimanileinbracbio

107 1172 251 1230 uirtutum
264 1184 317 1245 per
331 1170 397 1243 ejus
410 1168 565 1227 obtentum
575 1172 725 1247 propinati
739 1170 875 1235 interris,
892 1170 937 1226 sic
990 1175 1052 1239 tuo,
1068 1174 1101 1228 ut
1114 1174 1303 1245 signaculum
1318 1190 1409 1248 super
1418 1172 1577 1232 brachium
1591 1178 1689 1243 tuum,
1706 1181 1816 1237 etrera

108 1258 245 1319 loetorem
259 1259 377 1317 lascive
393 1258 492 1315 carnis
508 1260 685 1319 omnimodo
699 1275 888 1335 respuamus,
905 1261 938 1314 ut
991 1258 1043 1315 Dei
1057 1267 1213 1333 permanet
1225 1262 1356 1320 dilectio.
1373 1274 1405 1335 a.
1424 1268 1529 1321 Amen.

108 1350 147 1407 de
161 1349 313 1407 bonorum
331 1362 457 1423 operum
479 1348 591 1407 meritis
606 1365 709 1409 coram
737 1353 764 1408 te
790 1350 854 1407 siae
877 1348 937 1407 line
1328 1352 1476 1422 Hymnus.

109 1438 281 1509 gloriemur.
295 1448 329 1511 tp.
343 1440 448 1494 Amen.
800 1450 802 1453 ·
1134 1441 1286 1513 Dymnum
1298 1439 1395 1497 ltauae
1409 1440 1537 1511 virginis

145 1528 210 1584 Per.
1100 1528 1382 1585 Decantemuscum
1393 1527 1522 1601 Angelis,

146 1626 178 1689 p.
193 1618 256 1673 vox
274 1614 397 1672 deeoelo
411 1613 491 1672 lacta
505 1614 605 1672 estad
620 1630 697 1684 eam,
712 1616 815 1673 diceus
833 1632 840 1673 ι
856 1616 937 1682 veni,
1099 1612 1196 1683 Quam
1210 1614 1345 1674 Christus
1355 1617 1407 1674 Dei
1420 1616 1510 1674 Filius

110 1706 213 1779 accipe
220 1718 373 1769 coronam,
384 1718 476 1777 quem
488 1702 541 1759 tibi
548 1704 588 1761 ab
597 1704 680 1762 initio
690 1704 814 1779 promisi
829 1706 939 1762 :susci-
952 1714 975 1770 Β
1098 1703 1300 1762 sanctificavit
1315 1710 1408 1762 utero.

109 1794 195 1868 pient
209 1800 236 1850 te
244 1792 347 1865 Angell
358 1792 432 1860 mei;
446 1794 475 1848 P.
488 1794 521 1849 Bt
530 1794 694 1867 perducent
706 1798 734 1851 te
745 1792 776 1850 in
787 1793 937 1851 civitatem
1133 1792 1390 1866 Adsumpsionem
1402 1794 1500 1867 ipsius

109 1880 730 1949 illamsauctamiiierusalem.bononiam
740 1882 859 1954 Angelis
872 1884 935 1940 suis
1096 1879 1287 1939 celebremus
1301 1897 1372 1940 cum
1382 1881 1512 1954 Angelis,

110 1970 270 2031 mandavit
281 1970 318 2027 de
332 1976 379 2028 te:
394 1974 426 2027 ut
438 1970 606 2028 custodiant
625 1975 652 2031 te
664 1972 695 2028 in
716 1969 859 2029 omnibus
879 1970 935 2029 viis
1097 1970 1247 2027 concessa
1258 1969 1347 2027 noble
1363 1970 1476 2043 requie,

110 2060 170 2118 tuis
186 2061 234 2118 :in
248 2058 389 2117 manibus
402 2058 482 2117 enim
491 2060 554 2115 suis
564 2060 727 2133 portabunt
734 2066 772 2115 te.
784 2060 816 2114 P.
827 2062 861 2116 Et
870 2075 934 2134 per·
1096 2058 1227 2115 Remotis
1239 2058 1348 2131 pravis
1361 2056 1509 2115 hostibus.

109 2147 231 2206 ducent.
244 2148 276 2211 it.
291 2148 400 2219 Gloria,
413 2150 440 2205 et
452 2146 558 2204 bonor.
576 2146 607 2202 P.
623 2150 657 2205 lit
670 2146 844 2223 perducent.
1131 2146 1230 2214 liater,
1246 2162 1315 2219 quoe
1326 2146 1423 2204 ιίιιιιιι
1437 2145 1546 2214 renuit,

146 2236 257 2295 Oratio.
270 2238 357 2307 Virgo
365 2234 471 2294 Christi
481 2236 579 2308 uaris,
589 2236 636 2309 cuj
642 2250 676 2292 us
685 2236 774 2293 hodie
783 2237 934 2309 processio
1096 2235 1195 2305 lister,
1212 2250 1281 2308 quar
1296 2235 1445 2293 Christum
1454 2234 1581 2305 meruit;

107 2340 196 2385 sacra
215 2326 290 2385 inter
309 2325 372 2382 litia
394 2340 498 2399 opaca,
516 2324 668 2397 virginum
687 2324 822 2382 videlicet
844 2340 935 2401 super
1095 2320 1262 2393 Virgoante
1276 2326 1409 2397 partum,
1425 2338 1494 2397 quer
1507 2322 1582 2390 tuin

106 2416 241 2489 agmina,
258 2413 402 2472 mirabilis
415 2413 527 2471 mansit
537 2414 567 2470 iu
580 2412 650 2470 sede
664 2429 811 2489 superna;
824 2414 932 2473 cilicia·
1094 2410 1182 2483 Virgo
1194 2415 1264 2485 post
1276 2416 1398 2483 parturn
1414 2410 1529 2469 claruit.

106 2508 167 2575 tur,
183 2518 367 2578 quaesumus,
383 2518 437 2579 per
456 2516 578 2559 sacrum
589 2502 723 2559 fauorem
742 2507 829 2559 tuum
844 2502 934 2561 nobis
1129 2500 1199 2556 lam
1213 2498 1346 2557 Christus
1360 2499 1398 2556 de
1414 2498 1474 2557 Deo
1489 2500 1618 2572 genitus,

107 2592 240 2664 indignis
251 2592 367 2666 requies
377 2590 486 2659 lutura,
497 2606 558 2667 quo
569 2594 600 2649 tu
609 2591 733 2664 posuisti
739 2592 854 2649 assumi
861 2592 935 2649 tanti
1095 2586 1159 2643 Non
1173 2594 1293 2659 raptum
1306 2586 1420 2644 iaciens
1431 2588 1504 2656 Deo,

46 2672 47 2675 '
107 2680 247 2739 miraculi
259 2679 354 2753 gloria
365 2697 371 2736 :
382 2682 528 2754 quatenus
536 2678 723 2737 Dominicam
734 2695 843 2739 rocem
852 2680 935 2737 illam
1096 2673 1238 2731 Formam
1250 2674 1330 2730 servi
1344 2676 1523 2748 suscipiens,

109 2785 183 2828 aure
198 2769 295 2827 cordis
305 2784 475 2827 mereamur
490 2768 604 2834 audire,
621 2782 689 2842 quie
703 2767 741 2823 de
756 2768 892 2842 supernis
907 2772 935 2825 te
1098 2763 1208 2819 Servile
1222 2778 1334 2833 corpus
1346 2763 1461 2821 inserit.

109 2858 416 2934 assumendoiuquit:
430 2856 587 2914 Adscendo
599 2874 605 2913 :
617 2854 730 2913 ibidem
738 2872 808 2914 vero
816 2872 937 2933 percep
1132 2852 1191 2907 Noc
1206 2849 1321 2909 fessum
1335 2851 1422 2921 fregit
1437 2850 1559 2925 Virginis

110 2948 169 3007 turi
183 2964 253 3005 cum
263 2947 404 3005 omnibus
417 2946 535 3003 Sanctis
545 2950 689 3004 aternam
699 2945 843 3020 requiem,
852 2946 903 3003 ubi
919 2962 936 3004 a
1097 2943 1241 3012 Egressus
1255 2941 1402 3015 templum
1413 2940 1516 3014 atriis;
1628 2954 1630 2957 ⁴

111 3038 239 3097 Domino
254 3042 282 3096 te
296 3036 445 3095 credimus
460 3033 630 3110 adquisisse
644 3034 715 3094 fidei
729 3034 937 3094 sincerissima
953 3068 977 3132 G
1098 3030 1157 3088 Sed
1169 3030 1341 3098 claustrum,
1356 3030 1440 3106 quod
1454 3032 1615 3103 invenerat,

108 3127 363 3186 benedictionem.
377 3137 410 3200 tp.
427 3129 533 3184 Amen.
1099 3119 1244 3177 Clausum
1255 3119 1375 3194 reliquit
1385 3121 1522 3194 Virginis.

417 3215 454 3271 ln
468 3213 629 3272 Laudibus.
1133 3210 1474 3268 Dseresaceralrensi

144 3305 194 3363 Ad
209 3305 378 3364 canticum.
394 3303 580 3373 Anttpnona.
590 3301 769 3360 Benedictus
779 3303 934 3359 Dominus.
1098 3300 1188 3369 Cujus
1202 3297 1346 3372 milesque
1360 3299 1473 3371 gloriar,

108 3395 280 3457 Canticum.
292 3393 442 3452 Gaudeus.
455 3393 498 3450 Ad
507 3391 697 3451 Benedictus.
708 3391 936 3462 Antipbenai'i·
1097 3388 1192 3454 Quem
1204 3387 1316 3445 coelum
1328 3393 1465 3462 terraque
1477 3402 1539 3446 non
1551 3381 1652 3462 capii3

105 3485 149 3543 lia
160 3485 244 3542 Sion.
258 3484 428 3541 Canticum.
446 3481 631 3540 Benedictus.
640 3479 730 3537 Sauo.
746 3479 888 3537 Dominus
899 3480 936 3537 de
1097 3476 1225 3548 Virginis
1238 3491 1310 3534 rere
1322 3477 1441 3536 uterust

107 3573 194 3632 coelo.
212 3573 315 3640 Quare
336 3575 369 3629 in
398 3572 533 3643 vesperis
557 3567 800 3642 precedentibus.
818 3568 935 3627 Lauda.
1134 3566 1192 3622 Sed
1206 3580 1262 3622 nos
1274 3566 1314 3623 ad
1328 3570 1357 3624 te
1368 3567 1586 3635 concurrimus,

107 3661 242 3720 Laudato
257 3659 417 3719 Dominum
431 3659 575 3718 decentis.
1098 3654 1185 3712 Mma
1196 3653 1317 3721 Parcus,
1333 3658 1363 3711 ct
1375 3656 1527 3727 poscimus
1542 3673 1552 3718 r

164 3749 316 3826 [cccxxxv]
328 3749 425 3807 lectio
441 3749 513 3806 libri
533 3747 726 3808 canticorum
742 3747 831 3820 (Cap.
851 3747 884 3820 ι).
1101 3745 1175 3799 Bruc
1187 3755 1244 3799 nos
1257 3741 1448 3814 degentibus

144 3851 179 3916 ip.
190 3841 250 3897 Deo
264 3840 386 3912 gratias.
1100 3830 1170 3887 Tuis
1186 3829 1281 3888 beatis
1290 3830 1440 3904 precibus.

147 3931 170 3988 0
182 3928 309 4006 pulchra
320 3927 372 3986 Dei
385 3927 469 3998 virgo
483 3925 559 3982 inter
573 3923 727 3992 mulieres,
743 3923 895 3998 egredere,
913 3939 943 3996 er
1135 3920 1189 3977 Per
1202 3923 1288 3977 tuum
1304 3918 1507 3991 Unigenitum,

110 4018 161 4075 abi
168 4021 237 4092 post
243 4016 364 4088 vestigia
373 4013 804 4090 gregumtuorumAdsimilavi
811 4017 838 4070 te
848 4013 943 4070 amica
1102 4010 1196 4075 Quem
1210 4009 1340 4079 genuisti
1353 4009 1527 4075 Dominum,

110 4103 429 4180 meatiuampulchrre
438 4107 508 4160 sunt
516 4117 600 4174 genae
610 4100 941 4170 tuae,sicutturris.iicoe
1103 4097 1173 4154 coeti
1186 4103 1325 4172 petamus
1337 4097 1485 4169 memium

110 4200 138 4254 te
153 4195 278 4268 pulchre
288 4209 319 4250 es
332 4193 430 4250 amica
445 4207 524 4258 mea,
540 4205 607 4248 ecee
619 4194 647 4247 tu
663 4189 789 4263 pulchra
803 4204 845 4253 es,
862 4188 940 4246 oculi
1101 4186 1157 4244 Diu
1172 4200 1330 4260 peremne
1345 4187 1501 4246 secutum.

111 4279 940 4356 tuicolumbarum(Gap.u.)Surge‚properaarnicamea,
1136 4280 1242 4334 Amen.

110 4374 224 4431 etveni.
236 4375 301 4430 iam
312 4373 394 4428 enim
405 4369 501 4427 hiems
512 4367 641 4440 transiit,
655 4373 683 4425 et
692 4369 823 4426 recessit.
838 4365 940 4424 Floras
955 4421 976 4475 D
1029 4361 1224 4434 supplicatio.
1237 4366 1372 4433 Oramus,
1389 4369 1536 4437 utsupra.

111 4465 317 4536 apparuerunt
328 4460 359 4517 in
371 4464 457 4516 terra.
474 4459 577 4529 Surge,
594 4456 720 4513 ostende
735 4455 809 4513 mibi
832 4456 940 4513 taciem
1031 4453 1184 4524 capituto.
1197 4455 1343 4512 Matutiuts
1357 4455 1497 4528 precibus
1506 4453 1704 4512 teDominum
1716 4471 1819 4514 exora·

111 4556 206 4622 tuem,
221 4554 250 4606 et
264 4553 349 4606 sonet
361 4563 417 4604 ror
431 4550 483 4604 tua
498 4547 528 4603 in
539 4543 663 4603 auribus
677 4545 753 4601 meis
770 4559 847 4602 :rex
859 4543 940 4601 enim
993 4557 1063 4598 mus
1083 4542 1268 4614 piissimum
1293 4546 1335 4609 ut,
1351 4542 1427 4599 sicut
1447 4543 1582 4602 inlustris
1603 4543 1821 4616 gloriosissima

111 4643 165 4698 tua
179 4637 284 4705 duleis,
300 4635 427 4695 etiacies
443 4643 493 4693 tua
505 4633 623 4691 decora.
641 4631 728 4707 (Cap.
743 4637 795 4707 ιιι).
810 4635 881 4700 Dum
897 4635 941 4691 est
993 4629 1084 4701 Virgo
1095 4629 1185 4686 hodie
1194 4630 1284 4688 liaris
1294 4645 1349 4705 per
1358 4630 1451 4688 decus
1466 4633 1643 4706 virginitatis
1659 4644 1822 4702 supernam

111 4729 181 4796 ista,
197 4743 266 4802 quae
279 4725 414 4784 ascendit
426 4739 516 4798 super
535 4724 697 4790 desertum,
722 4721 797 4779 sieut
810 4721 940 4794 virgulta
994 4719 1103 4792 adapta
1111 4723 1157 4776 est
1170 4718 1283 4786 sedem,
1299 4720 1341 4776 sic
1355 4736 1410 4794 per
1429 4723 1569 4778 meritum
1584 4720 1665 4776 illius
1687 4722 1823 4790 accepta·

111 4817 191 4875 lumi
205 4831 241 4873 ex
254 4813 439 4873 aromatibus
454 4812 594 4887 myrrha,
611 4809 755 4877 etthurls,
769 4815 797 4868 et
810 4809 941 4867 universi
994 4807 1247 4867 bilissimilaroris
1257 4810 1339 4885 apud
1349 4818 1376 4867 te
1388 4809 1540 4868 contutari
1550 4807 1825 4866 mereamurincee·

112 4905 244 4980 pulveris
257 4901 468 4978 pigmentarii?
478 4900 560 4973 (Cap.
576 4906 628 4966 rr.)
644 4899 875 4972 Quampuchra
887 4897 941 4956 est
995 4897 1119 4957 lestibus
1134 4901 1234 4970 regnis
1250 4918 1257 4960 :

111 4995 194 5055 oculi
207 4993 249 5051 tui
261 4991 481 5058 columbarum,
495 4991 610 5064 absque
623 5005 658 5047 eo
667 4989 750 5063 quod
761 4989 939 5045 intrinsecus
1029 4991 1115 5046 Pater
1129 4993 1239 5045 noster.
1253 4987 1378 5046 Liberati
1390 5004 1409 5046 a
1423 4987 1515 5045 malo.
1528 4986 1587 5058 sol.
1606 4988 1634 5042 t.

111 5085 193 5155 latet,
204 5084 279 5142 sicut
288 5081 376 5140 turris
389 5081 492 5139 David.
500 5083 572 5139 Tota
579 5077 871 5151 enimpulcbraes,et
879 5093 941 5135 ma·
1029 5078 1146 5136 Lauda.
1159 5077 1244 5135 Demi
1252 5077 1320 5134 mei.
1331 5077 1516 5135 Benedictio.
1525 5075 1657 5134 christus
1667 5073 1821 5134 Dominus.

111 5173 182 5233 cula
194 5188 255 5231 non
269 5177 313 5230 est
323 5173 352 5229 in
366 5178 402 5228 te.
414 5171 530 5230 Venide
543 5171 656 5229 Libane
666 5183 863 5243 sponsamea,
873 5167 939 5225 veni
996 5164 1100 5233 Quare
1114 5167 1147 5221 in
1161 5167 1297 5237 vesperis
1309 5164 1551 5236 precedentibus.

111 5265 150 5322 de
164 5261 288 5336 Libano,
303 5265 331 5318 et
343 5258 548 5318 coronaberis.
563 5259 671 5317 Hortus
686 5256 845 5315 conclusus
856 5271 942 5314 soror
1029 5255 1066 5311 ln
1075 5259 1201 5312 exeunte
1214 5257 1339 5326 Vespera
1352 5257 1451 5313 omnia
1466 5255 1610 5313 dieantur
1622 5261 1656 5312 ut
1665 5257 1698 5313 iu
1709 5254 1820 5330 primis

111 5369 183 5410 mea
193 5349 428 5428 sponsa,bortus
438 5348 688 5419 conclusus‚lons
698 5347 942 5417 signarusamis·
999 5345 1140 5415 vespere,
1160 5347 1289 5415 exceptis
1304 5345 1441 5418 capitula
1455 5343 1711 5404 etDcnedictione.

112 5437 941 5516 siouestueeparadisusplenusmalorumpunicorumcum
1031 5432 1177 5503 capituto.
1193 5433 1319 5492 Domine
1328 5438 1396 5492 lesu
1408 5432 1531 5504 christe,
1544 5436 1597 5508 qui
1611 5434 1655 5491 sic
1667 5434 1820 5507 Virginem

112 5525 941 5608 pomorumlructibur.(capnt.lilnaestcolambamea,
994 5521 1821 5600 matremhonorificastiquonsqueAssumptionisgratia
