4117 6175
99 267 154 325 θῶ

253 392 405 450 Ymnssss'n
426 393 501 451 diem
525 398 627 451 scaete
646 393 775 452 cristine

136 478 265 551 Virginis
278 495 362 538 sacre
375 481 572 554 triumphum.
582 481 617 538 Ut
626 482 658 538 in
670 485 734 554 ejtss
748 483 926 544 Festioitote.

270 570 381 627 Ymsus
397 570 429 627 in
449 569 527 628 diem
539 571 637 629 eoacti
646 571 765 629 Felicis.

137 658 295 717 Fonavite
304 659 384 717 Deus
396 658 547 733 perennis.
564 660 643 718 Utin
662 663 728 732 ejas
742 662 924 722 Festioitete.

135 747 168 810 r.
185 750 219 805 ln
231 750 378 806 memoria
394 754 505 807 eterna.

143 837 299 895 Ymnasr'n
318 837 396 895 diem
416 844 590 896 sanctorum
603 839 685 896 lasti
698 846 725 898 et
747 840 889 898 Pastoris.

137 928 159 984 0
173 925 222 984 dei
236 926 532 1000 perhenneiierbum.
542 928 577 986 Ut
594 927 734 986 iocorum
740 929 924 990 Fests'oitate.

99 1016 150 1075 die
168 1016 338 1089 tduqasts'.

134 1105 165 1168 ll.
182 1107 225 1164 lix
235 1104 462 1164 oreinlantium.

250 1195 401 1253 Ymausin
415 1194 493 1253 diem
507 1201 607 1253 scaete
615 1197 783 1255 Laurentii.

135 1283 316 1342 Enmartiris
325 1283 639 1356 Laurentiiiits'aejus
646 1285 926 1360 Festsctsctsciero.

136 1371 169 1434 r.
185 1371 339 1430 iustorum
359 1373 465 1430 anime.

254 1461 365 1519 Ymaus
392 1461 518 1518 incitem
538 1463 638 1520 saneti
660 1464 775 1522 Genesi.

138 1551 281 1609 onerum
293 1549 418 1608 Domine
444 1548 584 1608 Conditor
603 1550 745 1610 omnium.
764 1553 801 1612 Ut
816 1571 849 1614 m
863 1560 928 1629 ejus

105 1639 290 1708 Festioitots,
311 1639 360 1697 die
382 1641 427 1697 25.

137 1727 170 1790 r.
188 1729 290 1785 iustus
303 1733 337 1785 ut
349 1727 462 1801 palma.

334 1818 370 1874 in
384 1815 456 1875 diem
480 1816 579 1876 sancti
592 1818 698 1878 leonti.

334 1887 391 2006 [Ξ
418 1905 552 1976 Laudem
579 1901 695 1994 beate]

140 1995 298 2053 sacratum
304 1993 593 2053 chrrstiantestitem.
603 1996 927 2073 orinejcsresricitcts,

102 2082 204 2140 dieto.

255 2172 364 2230 Ymaus
386 2171 419 2230 in
443 2172 520 2231 diem
537 2174 632 2231 roseti
657 2172 786 2245 equetii.

335 2252 387 2347 [ξ
406 2261 541 2319 Christus
554 2265 598 2318 est
623 2259 709 2354 vita]

139 2349 204 2405 Lux
218 2347 296 2406 Deus
309 2349 421 2407 Christe
434 2349 530 2424 pietas
546 2350 733 2412 redundans.
748 2355 855 2412 Dicit.

201 2437 313 2495 Ymnas
324 2439 356 2495 in
367 2438 445 2496 diem
454 2440 838 2516 sancsicipcs'cnsepsscopt.

137 2525 227 2584 Urbis
239 2527 381 2598 magister
393 2530 507 2586 lascis.
523 2530 559 2586 Ut
565 2531 598 2587 in
610 2531 674 2600 ejus
688 2533 870 2592 festivitate.

256 2618 368 2676 Ymnus
395 2618 428 2675 in
453 2618 529 2677 diem
552 2623 784 2682 sonettMottei.

337 2689 390 2792 [ξ
414 2699 730 2793 alenconensium]

139 2793 299 2853 christeta
313 2810 414 2852 rerum
440 2796 597 2870 opifexque
611 2813 749 2872 operum,

103 2882 253 2956 olimpum
265 2883 355 2954 regis,
379 2883 524 2959 aridaque
539 2887 678 2956 sustines,

103 2970 211 3028 Polum
226 2971 353 3029 decoras
378 2971 491 3030 iumine
515 2974 643 3047 sidereo,

101 3058 245 3133 Arbuque
258 3059 356 3134 reples
370 3059 502 3119 hominis
514 3076 551 3121 ex
563 3062 695 3137 traduce,

102 3147 173 3204 iube
184 3164 223 3205 ne
233 3148 331 3205 edum
352 3149 455 3207 eliiuat
469 3166 506 3207 ex
518 3151 621 3210 limite.

136 3239 179 3293 l'u
199 3237 404 3310 protoplausto
427 3239 554 3312 ejusque
564 3244 714 3316 prosapie.

103 3324 188 3396 legis
201 3339 261 3398 qne
277 3342 402 3383 sensum
414 3329 550 3387 naturale
566 3330 677 3401 inserit,

103 3416 138 3471 ur
152 3429 188 3472 ea
198 3413 280 3471 fratri
290 3430 380 3487 quem
390 3416 455 3473 vult
470 3416 527 3475 sibi
545 3418 679 3491 inroget;

102 3504 231 3560 nemum
242 3502 346 3561 itoises
359 3503 406 3562 bis
420 3510 477 3562 ate
487 3506 518 3562 in
533 3508 644 3566 tabulis

102 3591 195 3649 lienis
209 3592 324 3665 accepit
338 3593 487 3667 preceptis
502 3593 651 3655 almificis.

137 3682 178 3737 ssr
188 3679 257 3737 bine
267 3680 415 3755 Propheta
425 3682 472 3739 bis
487 3685 588 3743 octoni
602 3686 735 3755 veniunt,

102 3768 207 3841 Populi
221 3768 314 3828 eorda
334 3769 374 3827 ed
392 3771 520 3828 salutem
536 3772 695 3842 instruunt,

102 3860 237 3917 Errorem
246 3873 359 3915 vanum
369 3859 695 3936 idolornmdextruunt,

103 3946 229 4005 Credere
240 3945 335 4004 Deum
354 3947 530 4007 tecelestem
543 3952 712 4025 predicunt,

93 4038 136 4105 ¹Et
146 4035 309 4111 prestolare
324 4036 514 4097 incarnatum
529 4040 696 4113 proterunt.

136 4124 253 4181 lliiibus
269 4125 403 4199 quinque
425 4127 562 4185 ducentis
577 4130 608 4185 in
623 4129 697 4187 serie

97 4212 221 4271 liabens
234 4210 285 4270 hic
296 4214 429 4273 mundus
447 4232 543 4274 annos
560 4217 601 4275 ab
623 4219 749 4291 origine

97 4303 180 4359 lime
188 4316 279 4358 verus
291 4303 404 4374 Agnus,
418 4308 566 4379 natusque
578 4322 615 4363 ex
631 4308 746 4380 virgine

96 4392 151 4449 l'er
165 4388 253 4447 denis
265 4388 295 4446 in
310 4384 337 4447 t'e
356 4406 453 4451 annos
481 4397 529 4451 tue
544 4401 678 4468 tempore

98 4479 147 4537 Sic
160 4493 179 4536 a
192 4477 337 4536 lobannis
351 4479 458 4538 tinctus
468 4483 711 4555 estpabtismate.

134 4565 246 4624 Dehinc
262 4568 410 4641 prescitos
424 4569 517 4643 elegis
532 4568 691 4644 Apostolos

93 4652 232 4727 Petrum,
245 4655 408 4724 eumaem,
425 4658 605 4733 iohannem,
623 4666 653 4720 et
662 4662 817 4732 iacobum,

96 4743 362 4815 bartholomaeum,
383 4748 556 4822 iudamque,
582 4750 782 4820 etSimonem,

95 4834 228 4901 tomam,
240 4832 397 4908 Filippnm,
411 4841 440 4893 et
450 4835 524 4895 Allei
535 4834 694 4910 iacobum,

98 4922 239 4979 ltstteum
251 4937 321 4981 vero
335 4938 450 4982 vocans
473 4940 492 4983 a
507 4925 783 5003 toloneo[te10nio].

134 5008 209 5068 ilinc
221 5016 290 5084 post
304 5028 463 5073 ascensum
483 5016 687 5074 christetuum
703 5020 744 5075 sd
759 5016 837 5077 celos

98 5097 229 5170 Propere
241 5100 397 5175 pergitque
412 5103 452 5160 ad
467 5104 621 5179 liziopios3

98 5188 164 5245 iios
178 5204 197 5246 e
211 5188 361 5249 candacis
382 5194 505 5251 Eunuco
531 5196 748 5268 suscepissest,

98 5275 290 5349 prestigiator
305 5278 444 5339 liberavit
458 5298 477 5339 a
489 5297 596 5355 magos
610 5282 747 5359 [magisl.

99 5364 132 5421 ln
147 5379 256 5424 somno
270 5368 357 5427 vertit
372 5371 519 5429 dracones
544 5372 727 5431 sevissimos.

133 5454 256 5515 hortat
268 5462 368 5516 cetum
384 5474 479 5517 vanos
494 5461 567 5519 deos
586 5466 728 5535 temnere,

98 5542 131 5598 lit
144 5544 240 5603 ileum
258 5561 364 5605 verum
376 5547 478 5605 iesum
501 5546 651 5610 Christum
666 5552 795 5612 credere.

242 5632 365 5695 Person.
383 5636 535 5699 lxxxvi.

775 269 868 330 Yidlil
892 271 1130 350 rtozsttsfflct.

941 399 964 454 A
981 401 1016 457 itt
1028 401 1164 473 paradisi
1184 400 1321 460 truantur
1346 402 1468 462 delicie:

980 490 1047 546 llox
1056 489 1096 547 ab
1111 489 1236 565 ligiippo
1250 495 1294 548 est
1312 491 1422 550 arcitus
1437 493 1574 566 principe

981 579 1015 635 iit
1024 578 1139 651 prolem
1156 578 1219 636 eius
1236 579 1359 637 suscitat
1373 597 1392 638 a
1406 581 1521 639 iuuere.

1018 666 1090 742 [arv]
1107 671 1167 724 ilex
1177 666 1252 725 vidit
1266 668 1358 726 credit
1372 674 1398 726 et
1409 669 1495 742 plebs
1510 672 1657 744 tempium
1669 690 1716 732 co.

979 757 1083 828 inquo
1092 771 1145 812 rex
1160 754 1237 814 lotus
1269 756 1437 830 coniuxque
1466 757 1647 818 babtismate

980 844 1080 909 Quum
1093 843 1260 902 butranone
1274 843 1358 918 plebs
1371 850 1400 903 et
1409 847 1541 920 Eugenia

979 929 1098 988 Almam
1110 931 1255 990 ducentes
1275 933 1368 991 vitam
1381 934 1413 992 in
1425 935 1568 1007 progenie

981 1020 1079 1094 Usque
1093 1019 1168 1077 dnm
1178 1021 1256 1093 cepit
1266 1023 1378 1079 irtacus
1393 1023 1550 1095 regimine.

1015 1109 1166 1168 Convocat
1181 1125 1310 1185 namque
1317 1127 1369 1168 rex
1378 1111 1461 1168 rudis
1469 1113 1644 1186 Apostolum

981 1197 1207 1272 Elqueregnnm
1226 1199 1389 1272 spopondit
1402 1199 1572 1274 dimidium,

982 1287 1018 1343 tit
1031 1285 1130 1359 celeps
1143 1285 1281 1344 illidetur
1308 1289 1452 1359 lingente,

981 1374 1036 1430 oui
1053 1373 1101 1431 bis
1114 1380 1235 1432 centnm
1246 1375 1324 1432 alme
1340 1375 1370 1432 in
1397 1377 1524 1434 cenobia

981 1461 1209 1536 Virgineserant
1226 1478 1313 1521 sacra
1330 1480 1399 1520 cunr
1416 1465 1577 1524 velamina.

1016 1551 1062 1608 td
1075 1552 1132 1609 bec
1141 1551 1273 1610 listhene
1289 1554 1384 1610 irtaco
1396 1558 1518 1610 exortus
1532 1557 1577 1612 est

983 1643 1038 1698 l'ss
1052 1654 1114 1698 non
1128 1644 1172 1699 est
1181 1656 1284 1698 servus
1300 1641 1386 1712 Regis
1401 1657 1547 1714 sponsam
1558 1642 1677 1710 ducere,

942 1748 966 1807 Β
983 1731 1040 1787 Nec
1051 1728 1155 1788 Christi
1173 1745 1320 1801 sponsam
1334 1729 1380 1787 ies
1402 1736 1446 1786 est
1460 1733 1511 1805 tue⁸
1521 1731 1628 1805 copule

983 1817 1085 1889 inngh
1099 1818 1211 1876 irtacus
1223 1817 1263 1875 ob
1271 1819 1329 1875 hoc
1340 1833 1411 1876 mox
1422 1813 1599 1892 Apostolum

982 1906 1099 1964 Percnti
1110 1906 1197 1964 iussit
1210 1911 1357 1980 punctum
1370 1905 1430 1964 ictu
1438 1907 1540 1980 gladii.

1019 1996 1114 2054 Orans
1142 1994 1318 2053 confossum
1334 1996 1442 2068 migrat
1464 1996 1519 2054 celi
1533 1997 1646 2058 anima.

981 2084 1095 2141 Aurum
1106 2099 1177 2142 mox
1192 2082 1295 2157 prebet
1307 2085 1390 2156 virgo
1406 2086 1548 2156 Eugenia,

982 2171 1140 2230 lttsshristo
1153 2172 1279 2243 dignam
1292 2177 1472 2231 construunt
1495 2173 1662 2242 baselicam,

982 2260 1016 2316 ln
1027 2275 1090 2334 qua
1104 2260 1237 2318 Matbeus
1254 2260 1414 2335 requiescit
1427 2262 1457 2318 in
1474 2277 1594 2329 urnam,

982 2349 1086 2419 Vigsnt
1105 2349 1227 2407 virtutes
1239 2365 1293 2424 per
1311 2354 1413 2408 eterna
1435 2355 1580 2425 tempora.

1017 2437 1208 2510 Virginesuri
1220 2453 1270 2496 rex
1282 2439 1414 2512 precepit
1428 2439 1498 2510 ;sed
1509 2437 1635 2500 flamma

981 2530 1093 2584 ventus
1105 2527 1264 2600 invergens
1274 2534 1385 2585 cremat
1402 2527 1479 2599 regis
1492 2528 1568 2586 stria
1585 2551 1592 2586 z

983 2617 1049 2673 idox
1059 2620 1103 2672 est
1113 2619 1358 2688 percussustotus
1373 2613 1524 2673 elebantia

981 2702 1487 2776 Proiisarreptusdemonissevitie,

983 2795 1032 2850 Set
1047 2796 1127 2866 pater
1139 2805 1321 2848 cessusense
1331 2790 1413 2847 eliiat
1432 2791 1576 2848 animam.

1017 2881 1164 2938 ltexnum
1178 2895 1249 2936 mox
1263 2878 1341 2952 cepit
1359 2879 1449 2936 irater
1470 2878 1611 2951 lingonis,

984 2973 1057 3028 Beor
1070 2967 1208 3041 gestabat
1220 2983 1332 3027 nomen
1347 2983 1383 3024 ex
1402 2966 1594 3040 babtismate,

943 3083 964 3143 0
983 3061 1046 3127 oue
1057 3057 1484 3133 sanctusmartirunxeratque
1498 3059 1646 3129 crismate,

983 3148 1135 3207 Provincia
1147 3153 1216 3205 sunt
1227 3148 1369 3223 idemque
1381 3147 1521 3215 baselice,

984 3240 1047 3307 Qua
1062 3242 1173 3295 canunt
1185 3240 1243 3295 ileo
1253 3237 1334 3294 dulci
1344 3236 1558 3295 modulamine.

1019 3330 1094 3385 Vota
1108 3342 1160 3383 rex
1171 3325 1263 3400 plevis
1284 3326 1395 3383 Christe
1409 3332 1506 3383 ratam
1516 3324 1605 3400 [rata]
1623 3326 1716 3401 silice,

984 3414 1145 3487 languidis
1159 3413 1238 3481 labe,
1250 3413 1398 3485 elisosque
1413 3414 1503 3483 erige,
1550 3484 1552 3493 Ι

983 3504 1085 3563 ilentis
1106 3502 1252 3568 solamen,
1268 3500 1464 3559 iunctisdona
1483 3501 1628 3575 requiem,

984 3594 1057 3649 Arce
1069 3596 1098 3650 et
1109 3594 1234 3665 pestem,
1254 3588 1377 3656 bellum,
1397 3586 1479 3646 litem
1493 3589 1626 3662 remobe,

983 3680 1125 3739 Fraterno
1136 3693 1244 3754 pacem
1260 3677 1356 3735 solida
1370 3676 1401 3733 in
1424 3682 1552 3750 pectore.

1020 3767 1176 3842 Supplices
1188 3766 1301 3823 Christe
1324 3764 1440 3823 vernuli
1461 3767 1663 3839 exposcimus,

982 3856 1235 3915 Adsistatiauctor
1249 3853 1338 3912 nobis
1354 3852 1403 3911 bic
1417 3854 1576 3928 Apostolus

983 3946 1124 4018 impetret
1135 3944 1244 4001 nostris
1258 3943 1375 4000 veniam
1387 3941 1557 4010 sceleribus,

985 4032 1101 4091 Evulsis
1114 4030 1228 4090 cunctis
1245 4032 1382 4106 vitiisque
1395 4031 1539 4101 funditus,

983 4122 1048 4179 Vita
1061 4121 1133 4179 dum
1148 4120 1248 4178 insiiat
1264 4120 1374 4194 polleat
1388 4120 1557 4178 virtutibus.

1018 4208 1119 4268 Gloria
1132 4209 1210 4268 Patri
1222 4212 1362 4283 personet
1375 4208 1520 4279 ingenito,

983 4298 1081 4357 Gloria
1093 4298 1206 4358 Christo
1221 4312 1342 4371 semper
1352 4297 1521 4368 unigenito,

942 4416 965 4471 D
982 4389 1083 4449 Gloria
1094 4389 1203 4446 Sancto
1222 4384 1344 4458 Spiritui
1355 4386 1520 4452 Paraciito‚

982 4482 1072 4541 Cuius
1097 4483 1200 4535 eterna
1223 4474 1290 4532 laus
1317 4479 1346 4531 et
1370 4474 1503 4548 potentia

980 4572 1036 4629 Per
1048 4566 1165 4627 inlinita
1175 4562 1345 4621 seculorum
1360 4563 1471 4621 secula.

1015 4659 1048 4723 ir.
1060 4656 1094 4713 in
1113 4651 1270 4711 memoris.

1024 4749 1134 4805 Ymnus
1148 4744 1180 4800 in
1190 4740 1393 4799 Decolletr'one
1412 4740 1646 4801 sanctilooanis
1658 4743 1801 4803 Baitiste.

1015 4837 1067 4894 ilic
1081 4830 1293 4891 ioannesmire
1302 4835 1401 4889 natus.
1417 4831 1454 4889 Ut
1470 4832 1501 4887 in
1516 4831 1573 4889 leuc
1587 4830 1767 4891 Festioitnte.

1014 4926 1048 4990 ir.
1061 4925 1093 4981 lu
1107 4918 1259 4979 memoria.

1060 5014 1169 5070 imaus
1187 5008 1220 5065 in
1244 5006 1321 5064 dcem
1343 5004 1615 5065 smcssfliercnsms
1634 5004 1805 5083 maures,

1227 5080 1281 5185 [Ξ
1295 5095 1415 5168 insigne
1424 5081 1562 5175 testum]

1015 5190 1148 5250 Christus
1157 5189 1202 5243 est
1217 5184 1310 5240 virtus
1324 5184 1417 5242 Patris
1432 5181 1606 5255 sapientiem
1621 5182 1804 5261 [sapientiaJ.

982 5282 1020 5340 Ut
1034 5281 1066 5336 tn
1080 5278 1143 5347 ejas
1158 5273 1336 5331 Festior'tcte,

987 5359 1806 5426 Ymccsinctiemsamem-umcesssstmiuccimeettctie.

1086 5448 1253 5509 iucundum
1266 5448 1356 5507 nobis
1379 5449 1461 5506 bunc
1476 5449 1557 5510 diem

1070 5534 1199 5613 Sanguis
1218 5536 1348 5596 sacravit
1363 5534 1522 5597 martirum
