4117 6175
98 233 149 292 roe
495 223 533 290 ru
551 228 564 291 ι
584 230 646 292 me
663 227 888 319 tmumpsug
906 224 999 319 tqts
1017 234 1163 319 spsrpq
1182 236 1212 297 s.
1233 234 1414 297 CYPRIANI.
1479 183 1484 193 ’
1746 226 1800 321 ttq

127 358 244 424 londo
258 361 291 417 ln
300 358 612 433 sanctisetmleudste
624 376 630 419 :
640 360 774 443 aleluia,
786 361 918 423 alleluia.
933 363 957 438 A
1010 366 1044 421 tn
1053 362 1110 427 illis
1126 364 1232 443 diebqs
1245 381 1252 421 r
1264 366 1392 441 Locutus
1406 364 1453 424 est
1463 362 1607 434 Dominus
1616 362 1656 439 ad
1665 365 1798 447 ttoysen,

92 451 124 506 ln
145 448 338 506 firmamento
363 446 480 506 virtutis
507 450 573 524 ejus
607 448 729 509 laudate
746 452 919 511 Dominum.
975 451 1077 512 diceus
1093 470 1101 521 ;
1116 454 1234 512 decima
1246 453 1294 511 die
1306 452 1418 510 mensis
1430 452 1520 524 hujus
1535 452 1661 526 septimi,
1673 450 1736 508 dics
1751 438 1800 509 ex'·

91 539 230 595 Psalmus
250 554 294 595 cu.
975 543 1142 615 piationum
1154 544 1208 601 erit
1221 544 1440 609 celeberrimus,
1452 546 1480 600 et
1493 540 1648 599 vocabitur
1658 546 1797 599 sanctus:

128 630 227 685 Lectrb
240 627 313 683 libri
322 626 529 685 Ecclesiastici
541 627 709 686 Salomonis
724 630 810 703 (cap.
826 630 877 703 tv).
976 634 1172 706 affligetisque
1185 634 1302 692 animes
1312 638 1425 691 vestras
1437 631 1469 689 in
1482 647 1527 698 eo,
1542 628 1703 689 etofferetis
1717 631 1800 689 bolo·

130 728 165 789 tt.
179 719 238 775 ileo
248 716 369 787 manas.
976 727 1114 779 onustum
1125 721 1257 780 Domino.
1267 725 1355 781 Omne
1364 738 1439 794 opus
1451 720 1556 777 servile
1570 734 1631 777 non
1645 718 1801 775 faciatisin

134 804 188 861 rili
202 820 344 862 conserva
355 809 483 879 tempus,
499 810 528 863 et
539 805 639 865 devita
652 821 670 866 e
685 807 774 866 malo.
790 810 845 865 Pro
860 808 924 866 ani·
974 808 1111 883 tompore
1124 812 1183 869 diei
1197 810 1288 883 hujus
1302 827 1309 867 :
1324 812 1395 885 quia
1404 809 1468 867 dies
1474 806 1688 888 propitiationis
1702 808 1755 877 est,
1770 809 1804 904 qt

94 898 208 951 malua
214 909 273 951 non
281 892 580 953 contunderisdieere
586 898 848 958 verumltstenim
854 912 924 956 con·
975 900 1149 973 propitietur
1161 899 1248 956 vobis
1264 899 1401 979 Dominus
1416 901 1493 955 bens
1505 900 1612 967 vester.
1625 893 1727 954 Omnis
1740 907 1802 952 ant·

93 981 174 1039 fusio
184 982 341 1039 adducens
353 986 521 1056 peceatum,
532 988 562 1041 et
570 984 755 1048 estconlusio
767 986 922 1043 adducens
976 1004 1033 1058 ma,
1041 1004 1110 1062 que
1121 988 1299 1053 eltlictanon
1311 988 1397 1055 luerit
1409 988 1440 1045 in
1450 988 1497 1045 die
1509 988 1577 1051 hoc,
1588 984 1696 1061 peribit
1708 984 1743 1041 de
1753 997 1804 1061 po-

94 1068 225 1141 gloriam
235 1075 262 1129 et
272 1072 409 1144 gratiam.
419 1070 508 1149 432
518 1076 558 1131 Ne
567 1075 810 1149 accipiaslaoiem
821 1076 925 1135 adrer-
976 1076 1055 1152 pulis
1071 1078 1133 1134 suis
1147 1093 1154 1133 ι
1171 1083 1199 1134 et
1211 1092 1278 1150 quae
1291 1076 1389 1150 operis
1401 1075 1556 1153 quippiam
1570 1072 1682 1141 lecerit,
1695 1070 1803 1128 delebo

93 1176 162 1217 snm
168 1159 279 1217 taciem
286 1164 441 1230 tuem‚nec
451 1162 598 1222 adversus
610 1164 831 1224 enimamtuam
842 1180 924 1223 men·
977 1180 1045 1223 eam
1059 1166 1097 1223 de
1109 1164 1219 1239 populo
1234 1180 1299 1223 suo.
1308 1163 1384 1221 Nihil
1395 1162 1568 1235 ergooperis
1583 1159 1732 1232 laniatisin
1742 1174 1777 1215 eo
1793 1172 1801 1213 ι

93 1249 227 1306 dacium.
242 1252 307 1306 lton
315 1251 475 1307 reverearis
490 1250 663 1326 proximum
675 1258 760 1309 tuum
772 1254 803 1311 in
817 1270 923 1323 casum
975 1254 1143 1325 legitimum
1150 1255 1361 1327 sempiternum
1369 1252 1423 1310 erit
1430 1250 1517 1309 vobis
1523 1251 1555 1307 in
1562 1249 1804 1320 cunctisgenera·

94 1353 185 1395 suum
202 1352 209 1394 ε
227 1353 283 1394 nec
296 1339 599 1398 retincasrerbumin
615 1346 746 1415 tempore
758 1342 872 1400 salutis.
882 1347 922 1401 Ne
976 1343 1119 1413 tionibus,
1135 1348 1164 1401 et
1177 1341 1413 1402 habitationibus
1427 1340 1543 1399 vestris.
1566 1341 1602 1394 Et
1618 1336 1734 1394 locutus
1758 1336 1804 1392 est

94 1427 537 1501 abscondassapientismtuam
546 1430 770 1504 indecoreejus.
782 1431 923 1503 lnlingua
977 1431 1122 1489 Dominus
1132 1432 1171 1490 ad
1183 1433 1314 1505 Moysen,
1323 1430 1426 1487 diceus
1440 1444 1446 1485 :
1464 1430 1596 1501 Loquere
1605 1424 1674 1483 filiis
1688 1420 1781 1492 lsrael
1795 1436 1803 1478 r

95 1516 160 1590 eJus
183 1517 377 1587 cognoscitur
399 1517 561 1591 snpientia:
574 1523 602 1575 et
616 1535 732 1587 sensus,
747 1525 776 1579 et
787 1519 921 1589 scientia,
976 1523 998 1577 Δ
1014 1520 1119 1593 quinto
1133 1520 1252 1577 decimo
1266 1519 1314 1576 die
1329 1517 1440 1579 mensis
1451 1516 1543 1588 hujus
1559 1512 1687 1589 septimi,
1717 1511 1806 1583 erunt

97 1612 123 1662 et
137 1606 276 1662 doctrina
286 1606 317 1663 in
334 1605 434 1663 verbis
447 1606 587 1679 veritatis,
608 1612 637 1664 ot
649 1605 872 1669 firmamentum
892 1611 923 1679 in
976 1609 1057 1667 terite
1065 1607 1326 1669 tabernaculorum
1342 1612 1456 1681 septem
1469 1604 1576 1666 diebus
1586 1601 1724 1659 Domino.
1739 1598 1805 1660 [liet

96 1693 375 1769 operibusjustitte.
392 1697 456 1753 Nou
469 1694 778 1756 contradicasveritati
789 1697 848 1757 ullo
858 1714 923 1769 mo·
938 1714 961 1778 g
978 1695 1563 1772 primusvocabiturceleberrimusatque
1572 1688 1781 1749 sanctissimus
1795 1700 1803 1754 t

97 1783 147 1849 do,
161 1788 190 1842 et
203 1782 242 1841 de
260 1782 413 1865 mendacio
430 1783 637 1843 ineruditionis
656 1790 713 1844 tum
728 1786 922 1855 contundere.
978 1801 1068 1845 omne
1083 1802 1160 1860 opus
1170 1785 1273 1844 servile
1286 1798 1347 1846 non
1358 1783 1473 1846 iacietis
1491 1781 1563 1839 :sed
1576 1788 1689 1852 septem
1699 1774 1806 1856 diebus

98 1874 164 1929 non
177 1872 365 1929 confundaris
374 1872 508 1930 confiteri
515 1878 703 1947 peccumtun,
709 1875 925 1948 etnesubjicias
980 1875 1109 1941 offeretis
1119 1874 1324 1935 holocaustum
1333 1872 1454 1933 llomino
1466 1869 1806 1943 :diesquoqueoctavus

100 1967 128 2017 te
142 1962 225 2018 omni
237 1960 353 2018 homini
367 1977 423 2035 pro
438 1966 571 2036 peccato.
585 1963 651 2021 Noli
665 1964 802 2022 resistere
820 1968 923 2022 contra
980 1965 1033 2023 erit
1054 1964 1137 2021 vobis
1162 1962 1381 2027 celeberrimus,
1398 1966 1427 2019 et
1442 1958 1571 2019 offeretis
1594 1954 1808 2030 holocaustum

99 2048 205 2106 taciem
217 2049 354 2122 potentis,
371 2054 398 2106 et
411 2065 450 2105 ne
464 2051 579 2108 coneris
597 2056 702 2109 contra
715 2052 808 2110 ictum
830 2052 923 2115 nuvtt.
980 2053 1123 2113 Domino:
1135 2047 1607 2124 estenimotetusatqueeolleotm
1618 2054 1807 2115 :omneopus

99 2140 153 2195 Pro
167 2137 283 2209 jnstitia
298 2138 456 2208 agonizare
466 2154 522 2213 pro
537 2139 640 2197 anima
652 2146 713 2207 tua,
733 2145 761 2199 et
777 2157 874 2216 usqne
886 2142 926 2200 ad
981 2143 1087 2201 servile
1104 2158 1166 2201 non
1179 2142 1293 2200 laniatis
1310 2143 1342 2199 in
1354 2156 1400 2199 eo.
1424 2142 1473 2199 tta
1489 2140 1560 2195 sunt
1573 2135 1653 2202 ierim
1677 2128 1806 2197 Domini,

100 2233 226 2285 mortem
246 2230 357 2286 certare
375 2242 432 2302 pro
449 2228 575 2299 iustitia,
595 2230 716 2288 elneus
741 2230 927 2304 expugnabit
980 2216 1808 2307 quassoeebitisceleberrimaseesanctissimasoilere·

100 2332 152 2390 pro
167 2320 195 2373 te
209 2315 347 2373 inimicos
361 2322 438 2373 tuos.
453 2326 486 2388 lt.
501 2317 606 2374 Amen.

132 2404 278 2477 Hymnus.
296 2404 488 2476 benignitatis
506 2405 573 2463 lons
589 2408 675 2464 lleus.

132 2494 333 2565 snpplicatio.
341 2496 461 2551 oremus
469 2494 869 2568 Redemptoremmundt.fot.
879 2495 925 2553 et.

135 2582 378 2653 depromente
393 2582 541 2655 polesino
555 2585 691 2657 piissima
709 2579 833 2643 Trtnitas
848 2585 927 2644 Deus

980 2324 1079 2395 tisque
1093 2320 1125 2378 in
1133 2320 1177 2379 eis
1184 2319 1351 2378 oblationes
1365 2317 1503 2385 Domino,
1512 2307 1808 2382 holocaustaettiba·

981 2414 1084 2473 menta
1091 2410 1177 2482 iuxta
1185 2409 1276 2467 ritum
1286 2407 1522 2481 uniuscujusque
1530 2395 1810 2473 dicitquintndeff

982 2499 1061 2557 cimo
1073 2512 1145 2569 ergo
1158 2498 1203 2555 die
1213 2496 1325 2557 mensis
1332 2490 1464 2568 septimi,
1475 2491 1599 2566 quando
1612 2498 1809 2566 congregave-

982 2588 1047 2644 ritis
1055 2602 1161 2645 omues
1171 2586 1285 2644 tructus
1301 2588 1384 2655 terrm
1394 2587 1512 2646 vestroe,
1521 2574 1708 2637 celebrabitis
1720 2573 1810 2645 leriae

102 2671 927 2747 noster,condignenottnfirmitashumanetragilitatis
981 2660 1810 2747 nominiseptemdiebus:sumetisqueroutsdteprimo

103 2760 263 2819 retribuere
274 2777 281 2828 ;
293 2777 362 2837 quae
376 2761 465 2818 tantis
479 2760 648 2820 facinorum
661 2763 844 2835 ponderibus
854 2775 929 2836 prte-
983 2765 1097 2823 tructus
1116 2762 1232 2820 arboris
1250 2759 1469 2832 pulcherrimae,
1487 2752 1680 2831 spatulasque
1695 2747 1810 2823 palma-

103 2847 386 2923 grnvaturquotidie
399 2847 413 2903 l
428 2848 545 2906 Scelere
551 2853 652 2907 nostre
659 2848 847 2908 confessione
859 2865 930 2922 pro·
982 2869 1062 2918 rum,
1078 2855 1107 2909 et
1119 2847 1471 2919 ramosllgnidensarum
1481 2836 1645 2907 frondium,
1662 2841 1691 2907 et
1704 2834 1811 2909 salices

102 2937 158 3010 prii
165 2936 227 2993 oris
235 2935 618 3010 patefacimustadversum
628 2953 684 2993 nos
697 2938 867 3010 iniquitates
877 2952 929 2994 no
984 2942 1022 3001 de
1038 2946 1174 3006 torrente,
1190 2942 1219 2997 et
1232 2934 1407 2995 letabimini
1419 2948 1520 2993 coram
1536 2930 1664 2989 Domino
1679 2926 1740 2984 Deo
1756 2939 1811 2982 ve-

106 3029 182 3083 stras
193 3030 223 3084 et
233 3026 482 3100 pronuntinmns;
499 3032 527 3084 et
537 3025 692 3098 vulnerum
705 3029 877 3086 nostrorum
887 3025 930 3082 in·
949 3036 1066 3125 C⁸²³⁰3
1089 3026 1335 3101 celebrabitisque
1362 3022 1580 3081 solemnitatem
1604 3014 1669 3092 elus
1695 3017 1812 3090 septem

102 3116 259 3173 firmilflltss
270 3117 505 3184 ⁰³¹011dim11⁸‚tl
516 3121 569 3175 tle
582 3133 652 3175 veto
663 3116 931 3186 medicomslagme
984 3121 1090 3179 diebus
1099 3135 1153 3193 per
1160 3132 1275 3176 sunum
1293 3115 1481 3186 :legitimum
1489 3111 1704 3184 sempiternum
1715 3104 1769 3166 erit
1779 3103 1812 3161 in

101 3205 930 3281 nostrisnloeribnsadbiberieapostulamus.Undequia
984 3207 1227 3284 generationibus
1251 3205 1369 3263 vestris.
1385 3207 1483 3262 Mense
1502 3201 1629 3274 septimo
1649 3196 1723 3254 testa
1738 3191 1813 3253 cele

102 3300 135 3352 tu
149 3311 181 3352 es
195 3299 297 3366 ugnus
306 3295 355 3352 bei
368 3297 420 3370 qui
433 3295 510 3354 tollis
521 3300 677 3372 peecatum
685 3294 809 3363 mundi;
820 3294 861 3354 ob
872 3294 931 3354 boo
983 3301 1108 3358 brabitis
1117 3299 1148 3356 in
1164 3294 1350 3354 umbraculis
1364 3297 1480 3366 septem
1491 3289 1609 3346 diebus.
1624 3297 1657 3358 n.
1668 3286 1774 3342 Amen.

100 3385 252 3457 prostrati.
265 3401 442 3458 quesumus
468 3390 528 3444 tue
551 3384 716 3460 potentiam
741 3383 862 3443 ocinus
875 3402 882 3454 ι
897 3388 931 3447 ut
1019 3388 1119 3446 tectio
1135 3369 1773 3451 tetenstetettsl’roptetoe(capnon).

99 3474 240 3544 quotiens
255 3489 274 3530 a
288 3475 376 3532 nobis
391 3473 562 3548 ostenderis,
577 3475 684 3533 totiens
707 3473 862 3545 ignoscere
883 3473 930 3535 di·
1019 3487 1054 3550 tp.
1067 3477 1127 3534 Deo
1142 3473 1265 3546 malias.

100 3563 202 3634 8¹¹0rit
212 3580 222 3633 ;
234 3563 306 3640 (tuit
322 3568 351 3622 ¹0
365 3564 567 3639 precipiente,
591 3568 620 3622 tt
634 3563 660 3622 Si
672 3562 799 3635 indigui,
815 3562 929 3621 elama-
1020 3569 1126 3624 Factus
1136 3568 1180 3621 est
1194 3577 1293 3620 sermo
1305 3551 1423 3618 tlomlnl
1434 3556 1474 3617 ad
1487 3567 1546 3624 me,
1558 3553 1680 3612 dicenm
1696 3546 1813 3616 Filiho·

984 3655 1074 3714 minis
1088 3653 1137 3710 dic
1150 3651 1323 3710 eddomum
1335 3646 1423 3706 lsrael
1440 3663 1447 3703 =
1461 3645 1506 3703 Sic
1518 3642 1609 3702 locuti
1619 3638 1699 3708 estis,
1712 3637 1814 3710 dicen·

985 3748 1030 3803 tes
1045 3740 1237 3816 :iniquitates
1246 3742 1367 3810 nostroe,
1376 3741 1405 3794 et
1414 3735 1649 3810 peceatanostra
1658 3739 1813 3800 supernos

986 3837 1066 3898 sunt,
1082 3835 1111 3888 et
1120 3831 1151 3887 iu
1163 3829 1236 3902 ipsis
1245 3825 1429 3886 tabescimus
1445 3839 1451 3880 :
1467 3819 1624 3898 quomodo
1635 3831 1706 3890 ergo
1717 3815 1814 3874 vivere

98 3667 201 3711 muse
221 3652 326 3710 terris:

138 3741 226 3800 Peter
239 3747 352 3802 noster.

138 3830 256 3890 dmalo
271 3831 444 3892 noslibere.
457 3833 513 3904 sol.
530 3836 572 3890 to.
1791 3901 1797 3914 Ι

139 3918 255 3979 mura.
267 3921 475 3981 Veninutmihi
487 3920 692 3980 miserationes
701 3923 770 3989 tum,
788 3922 817 3981 et
829 3917 931 3976 vivam
987 3914 1249 3994 aaapotsrimns
1261 3917 1276 3973 l
1290 3914 1341 3971 Dio
1350 3913 1389 3970 ad
1397 3911 1546 3971 soszvivo
1557 3923 1623 3981 ego,
1632 3905 1703 3966 dicit
1712 3904 1814 3963 Domi·

103 4008 234 4067 Alleluia
249 4026 257 4065 t
273 4009 305 4066 P.
317 4009 449 4078 Quialex
462 4015 514 4068 tue
527 4008 680 4068 meditatio
699 4023 768 4066 mea
785 4011 839 4066 est.
859 4005 933 4064 Alle-
986 4025 1044 4068 nus
1060 4013 1136 4066 tleus
1151 4023 1159 4064 ι
1174 4005 1245 4062 nolo
1266 4007 1394 4062 mortem
1419 3999 1515 4073 impii,
1534 3997 1586 4056 sed
1605 4001 1638 4053 ut
1651 3994 1815 4090 revertatur

104 4097 180 4168 luis,
193 4097 322 4156 alleluia.
335 4098 368 4162 lt.
379 4099 441 4156 Fiat
450 4097 651 4156 misericordia
663 4102 715 4155 tun
725 4102 756 4156 ut
766 4095 935 4154 consoletur
987 4097 1099 4172 impius
1109 4095 1254 4160 aviasua,
1264 4097 1293 4150 et
1302 4092 1390 4150 vivat.
1400 4085 1611 4148 convertimini
1621 4083 1815 4142 aviisvestrts

102 4203 166 4258 me,
180 4189 349 4246 seeundum
360 4187 512 4262 eloquium
527 4193 612 4249 tuum
627 4203 714 4246 servo
728 4192 789 4246 tuo.
802 4184 840 4243 P.
859 4183 935 4253 Quia
988 4187 1127 4262 pessimis
1144 4201 1150 4242 ε
1167 4189 1195 4242 et
1209 4198 1302 4257 quare
1321 4177 1490 4238 moriemini
1508 4176 1618 4234 domus
1640 4169 1731 4230 lsrael
1743 4169 1817 4268 Usu

101 4277 163 4344 ¹0¹·
181 4275 213 4338 V·
229 4275 325 4334 Gloria
339 4281 368 4334 tt
380 4275 486 4334 honor·
502 4278 542 4334 P·
557 4277 632 4344 Ouia
644 4276 701 4335 lex.
888 4322 892 4329 .
988 4281 1089 4334 eutem
1101 4271 1284 4331 filihominis
1301 4271 1350 4328 dio
1366 4268 1406 4327 ad
1415 4267 1493 4324 filios
1507 4262 1611 4338 populi
1623 4261 1666 4320 tui
1678 4278 1687 4317 .·
1700 4260 1816 4358 lustitia

138 4363 327 4423 Benedictio.
342 4365 474 4424 Christus
486 4368 536 4424 Det
548 4365 709 4441 Filius,qui
719 4380 789 4424 oum
802 4367 896 4433 Patre,
907 4364 937 4420 et
987 4365 1060 4439 Justi
1069 4353 1625 4431 nonliberabiteuminquaeumquedie
1631 4351 1813 4448 peccaverit:

103 4455 221 4530 Spiritu
235 4456 353 4523 Sancto,
369 4452 490 4513 Deitatis
501 4455 617 4515 obtinet
625 4457 770 4516 unitatem
783 4473 790 4509 z
804 4456 868 4530 ipse
877 4453 936 4510 hoc
990 4460 1019 4514 et
1028 4454 1166 4529 impietas
1175 4450 1260 4524 impii
1273 4465 1334 4507 non
1349 4445 1465 4506 nocebit
1473 4445 1509 4512 ei,
1525 4444 1557 4501 in
1566 4453 1758 4517 quecumque
1767 4436 1815 4495 dte

99 4545 254 4604 indictum
278 4544 465 4603 abstinentias
488 4545 638 4618 ieiunium
667 4545 851 4611 triduanum,
881 4556 937 4616 pro
991 4538 1290 4603 conversuslueritab
1299 4537 1449 4612 impietate
1460 4549 1533 4590 sua:
1550 4531 1685 4603 etiustus
1694 4543 1755 4586 non
1766 4539 1817 4599 po·

100 4639 186 4694 ΜΠ
196 4631 345 4702 ⁸⁰⁰¹⁶⁸iffl⁹
361 4639 391 4694 θ*
405 4633 496 4692 ωῑῑῦὓ
511 4634 615 4708 lt⁰lJ¹¹li
629 4634 795 4693 sdvauone
810 4632 938 4690 clemen·
990 4634 1161 4692 teritvtvere
1170 4627 1323 4700 iniustitia
1332 4642 1398 4696 sua,
1408 4625 1439 4682 iu
1449 4635 1641 4699 quacumque
1651 4618 1700 4675 die
1710 4629 1819 4712 pecca·

100 4729 147 4782 ter
166 4727 321 4797 acceptet;
337 4734 369 4793 tt.
388 4724 495 4783 Amen.
515 4724 632 4797 Quique
657 4723 740 4782 solus
760 4739 816 4798 pro
834 4725 938 4780 nostra
990 4722 1079 4781 verit.
1096 4719 1189 4777 Etiam
1201 4715 1424 4788 sidireroJ'usto
1435 4711 1593 4774 vitavivet,
1607 4705 1818 4804 etoontlsusrn

103 4810 275 4870 salvatione
288 4811 458 4884 patibulum
470 4811 589 4886 pertulit
601 4813 709 4878 crucis,
724 4813 788 4886 ipse
805 4825 858 4870 eor
872 4825 939 4868 ses·
989 4809 1105 4886 justitia
1113 4806 1276 4867 sualeoerit
1284 4804 1471 4878 iniquitatem
1487 4813 1613 4859 :omnes
1621 4797 1741 4868 justitiae
1751 4805 1817 4861 etue

102 4906 190 4958 trum
205 4899 354 4960 emaculet
368 4918 376 4958 r
390 4912 423 4974 tp.
437 4905 542 4960 Amen.
557 4903 590 4960 tlt
598 4901 733 4960 detersti
745 4901 785 4959 ab
795 4903 940 4960 universa
991 4899 1136 4958 oblivioni
1151 4897 1315 4962 tradentur,
1328 4901 1357 4950 et
1365 4889 1556 4964 ininiquitate
1566 4899 1631 4984 sua,
1645 4897 1739 4982 quern
1749 4893 1820 4982 ope·

105 4988 287 5049 conluvione
294 4989 403 5056 delicti,
414 4991 587 5065 preminet
596 5006 633 5050 eo
642 4990 798 5066 potiamini
807 4990 937 5063 indeptus
991 4995 1075 5048 retus
1086 4992 1140 5058 cst,
1152 4987 1183 5044 in
1196 4987 1261 5060 ipsa
1276 4979 1459 5040 morietur.si
1472 4981 1573 5036 autem
1588 4973 1690 5030 dixero
1703 4985 1798 5044 impio
1810 4983 1818 5024 ε

105 5078 332 5154 P¹0ml⁸⁸i01¹i⁸·
351 5086 384 5151 ll·
405 5084 510 5140 Amen·
992 5064 1821 5159 llortemorieris:etegeritpoeuitentiamapennatosuo,

142 5167 202 5224 ¹³0¹
218 5167 466 5228 mi⁸0fi⁰⁰ldiffl
992 5169 1153 5240 feceritque
1165 5161 1311 5237 judicium
1326 5163 1355 5217 et
1364 5157 1519 5232 justitiam,
1535 5153 1645 5228 pignus
1662 5149 1821 5209 restituerit

418 5259 470 5317 M
487 5259 624 5319 Tertiam·
993 5235 1821 5336 illeimpius,rapiuamquereddiderit,iumandetisvitte

143 5347 311 5420 arentia.
328 5347 391 5419 ttlt,
403 5349 485 5410 llabe
498 5349 652 5410 fiduciam.
664 5348 721 5422 sol.
738 5353 786 5409 tt.
994 5343 1203 5410 ambulaverit,
1218 5357 1273 5398 nec
1284 5337 1385 5398 lecerit
1398 5337 1561 5411 quicquam
1575 5331 1720 5428 iniustum
1734 5345 1741 5386 :
1759 5327 1822 5384 vita

267 5438 367 5496 Lectio
378 5438 450 5496 libri
463 5440 672 5514 Leoittettcnp·
686 5439 782 5513 niul.
993 5436 1121 5504 stertet
1133 5429 1351 5492 nonmorietur.
1365 5425 1472 5486 Omnia
1482 5419 1690 5520 peccataejm,
1709 5429 1824 5518 ιιιφιφ

143 5536 183 5600 R·
196 5523 258 5606 ΒΜ
275 5525 399 5600 ΜΝ·
994 5508 1825 5602 moerentumimputabantureinudtctunaeqnstt·
