4117 6175
111 207 163 267 tie

616 200 792 262 nostratui
810 198 905 258 ANTE
923 196 1154 265 stipulante
1173 207 1317 267 bollini.

1774 204 1827 263 ild

110 340 198 389 tunm
211 330 283 387 anie
306 328 505 401 eonspeotum
519 325 669 400 Gentium,
691 322 986 399 revelandojusti-il
1002 327 1039 387 ιιι
1057 331 1229 393 Dolllttlco
1248 332 1339 392 atilli
1371 331 1597 401 ΕΡΙΡΗΑΝιΑιι,
1627 328 1704 391 still
1722 328 1827 389 gppg.

112 422 185 481 tiam
200 422 296 484 tuum,
319 416 548 475 miserationum
569 418 692 476 tuarum
716 415 806 475 nohis
827 416 948 491 oopiam

110 506 283 574 mendesio,
297 509 341 577 ut,
362 504 416 579 qui
430 504 570 564 salutaris
592 506 635 565 tui
648 505 755 567 notitia
768 505 945 584 relevamur,

108 593 417 667 revelationejustitiae
425 593 847 668 oousolemur.p.tmeu.Per
859 592 948 652 nise-

109 684 382 746 rioordiumtuam.
643 748 646 754 ¹

146 775 191 833 ld
202 773 391 833 Benedictus.
407 772 592 843 Διιιιριιιιια.Ι
605 770 670 831 libi
690 771 745 831 soli
761 774 822 832 Deo
836 772 946 837 honor,

112 868 140 923 et
154 863 261 935 gloria,
272 862 375 927 sutus,
384 863 415 918 et
430 864 563 934 potestas
576 861 609 919 in
628 860 740 921 saeoula
755 860 946 919 sesoulorum.

147 954 295 1012 Protinus.
312 949 489 1009 Benedictus
509 966 542 1008 es
562 950 708 1011 Domims
734 951 812 1011 Deus
824 954 945 1025 patrum

113 1048 296 1101 nostrorum.
317 1040 416 1107 Quare
426 1040 484 1111 fot.
499 1044 526 1097 o.

144 1133 238 1191 Seno.
253 1128 389 1187 Alleluia.
404 1128 526 1188 lustitia
539 1128 643 1205 plena.
664 1130 761 1197 Quare
773 1130 830 1201 sot.
844 1133 889 1188 et.

144 1218 264 1278 Laude
280 1215 578 1277 beudeteDominum
588 1216 626 1277 de
636 1216 943 1285 ooebs.llleluie,alle·

108 1308 184 1374 luia,
208 1305 337 1367 ιιιοιιιιι.
358 1303 491 1363 Laudato
509 1320 580 1364 eum
594 1306 626 1364 in
640 1304 775 1365 exoelsis.
795 1306 855 1380 65
869 1305 943 1363 ille·

107 1397 187 1458 luia.
215 1394 344 1455 laudate
363 1410 436 1454 enm
461 1409 570 1455 omues
589 1394 694 1469 angeli
710 1394 777 1468 ejus
793 1394 940 1455 :laudate

107 1500 179 1543 eum
216 1499 324 1543 omues
358 1482 482 1544 virinus
520 1484 598 1559 ejus.
629 1483 765 1545 Alleluia.
805 1482 943 1545 Prutnrur

109 1572 231 1635 oxnvur.
244 1579 391 1647 utrum.

1248 424 1416 481 lilTlDNEll
1442 420 1576 479 Douma

1306 511 1356 569 Ad
1375 512 1520 583 vesperos.

1036 597 1154 659 maro.
1170 600 1381 660 Laudaverunt
1394 604 1432 667 te,
1448 596 1584 657 Domine.
1599 596 1654 667 sot.
1666 598 1712 654 oi.

1036 686 1130 749 Seno.
1142 690 1275 763 intende,
1288 688 1423 747 Domine.
1435 686 1467 743 P.
1479 684 1617 754 Procede,
1629 691 1659 742 et
1669 700 1772 757 regne.
1780 684 1827 741 Al·

1000 774 1101 844 leluia,
1117 777 1246 851 adelaia,
1271 777 1399 837 adelaia.
1418 775 1449 840 tt.
1474 774 1624 833 Eructavit
1647 789 1699 833 oor
1723 789 1826 831 meum

999 864 1127 925 verbum
1140 867 1257 929 bouum
1271 884 1280 923 .·
1295 866 1363 927 dioo
1373 879 1532 938 egoopera
1541 878 1611 921 mea
1621 861 1694 934 regi.
1709 862 1741 919 P.
1756 860 1828 918 Pro·

1000 954 1080 1013 aede.

1033 1041 1218 1116 Antiphone.
1230 1045 1350 1113 usum,
1364 1041 1476 1107 lutare,
1490 1038 1676 1097 Hierusalem
1690 1056 1698 1093 r
1710 1042 1738 1096 et
1747 1037 1827 1095 diem

996 1123 1108 1190 testum
1118 1130 1207 1204 agite,
1235 1145 1343 1189 omnes
1355 1129 1409 1204 qui
1419 1126 1543 1199 diligitis
1556 1142 1635 1186 eam.
1648 1126 1680 1181 P.
1694 1124 1827 1184 Gaudete

996 1219 1110 1293 gaudio
1125 1235 1238 1293 magno
1250 1234 1367 1289 omnes,
1381 1216 1435 1291 qui
1446 1214 1595 1288 lugebatis
1607 1229 1699 1289 super
1712 1213 1825 1275 eam-ii.

997 1309 1290 1369 laudaliteruealeru
1315 1307 1501 1366 Dominum:
1523 1308 1553 1363 et
1569 1303 1710 1363 ooltauda
1729 1303 1826 1361 Deum

996 1402 1083 1459 tuum
1094 1398 1174 1457 Sion.
1186 1396 1220 1455 P.
1234 1396 1367 1457 Gaudete
1377 1394 1503 1469 gaudio.
1515 1393 1548 1456 l.
1561 1392 1669 1459 Gloria,
1678 1396 1706 1451 el
1715 1392 1824 1462 bonor,

995 1492 1052 1549 eto.
1066 1486 1099 1545 P.
1115 1486 1258 1551 Gaudete.

1030 1577 1146 1636 mdo.
1165 1574 1302 1635 alleluiu.
1316 1571 1452 1633 visitavit
1464 1587 1522 1631 nos
1535 1570 1636 1629 oriens
1647 1585 1684 1628 ex
1697 1569 1773 1629 alto.
1792 1567 1824 1625 P.

173 1662 276 1720 bertio
293 1661 366 1719 libri
375 1660 474 1721 usare
483 1661 653 1737 Prophetis
662 1662 744 1735 (Cup.
755 1663 869 1737 xuvui).
957 1674 981 1733 Β
995 1666 1034 1725 Ut
1045 1663 1221 1731 luoereteis,
1240 1663 1337 1739 quiin
1353 1661 1483 1721 tenebris
1497 1665 1568 1719 suut
1580 1676 1587 1715 ι
1599 1658 1640 1718 ad
1652 1657 1826 1731 dirigendos

141 1762 175 1823 p.
186 1752 249 1809 Deo
263 1750 389 1822 gratim

141 1841 211 1897 llaso
229 1838 305 1897 dioit
323 1838 492 1897 Dominus:
515 1838 594 1898 liudi
607 1855 657 1899 me
670 1840 777 1909 theob,
797 1844 826 1900 et
839 1840 939 1908 lsrael,

106 1942 199 2003 ιιιιοιιι
210 1940 375 1999 egovooo:
392 1940 449 2000 ego
464 1926 540 2002 ipse,
554 1941 613 2001 ego
626 1928 755 2003 primus,
775 1933 804 1989 et
815 1943 872 2001 ego
891 1944 942 1988 uo-

107 2015 262 2075 rissimus.
277 2018 383 2075 Dauus
396 2031 519 2091 quoque
539 2032 609 2077 mea
626 2016 763 2077 fundavit
775 2020 897 2086 terrem,
912 2034 943 2091 eg

109 2104 235 2166 dextera
248 2120 433 2165 meameusu
442 2109 487 2165 est
498 2106 761 2181 ooelos;egovooo
770 2123 832 2177 eos,
843 2110 873 2165 et
883 2110 942 2167 sta·

104 2194 182 2253 bunt
197 2193 299 2253 simul.
316 2195 548 2267 congregemini
570 2210 677 2257 omues
694 2211 758 2265 vos,
773 2199 804 2254 et
814 2195 917 2256 audiet
930 2200 940 2245 ³

107 2282 177 2358 quia
187 2282 234 2339 eis
248 2282 438 2343 mundavit
450 2282 537 2342 hae?
546 2284 691 2345 Dominus
699 2284 803 2345 dilexit
812 2286 941 2354 eum,iu·

102 2370 940 2448 eietvoluntetemsuamtnDabylone,etbraohiumsuum

101 2458 132 2519 in
146 2458 308 2519 chaldeis.
327 2462 390 2533 ligo
403 2460 521 2520 looutus
539 2467 650 2531 sumet
662 2462 766 2522 rooavi
776 2478 848 2522 eum
864 2460 937 2523 :ad-

102 2548 173 2607 duxi
191 2563 274 2622 eum,
291 2552 321 2607 et
334 2548 448 2609 direota
459 2555 506 2611 est
516 2551 566 2611 via
579 2551 655 2625 ejus.
668 2550 807 2613 Aooedite
819 2551 860 2611 ed
875 2567 934 2623 me,

103 2637 239 2697 standite
250 2638 328 2697 hoo:
342 2653 404 2698 non
412 2655 430 2697 e
438 2638 587 2714 prinoipio
596 2640 937 2703 Mabsoondltolooutus

102 2742 192 2787 sum:
217 2742 256 2785 ex
275 2732 411 2802 tempore
434 2732 600 2804 antequem
617 2728 710 2799 fleret,
725 2730 768 2789 ibi
785 2745 869 2789 eram
885 2748 893 2785 ι
908 2734 937 2791 et

101 2830 181 2873 nuno
192 2814 340 2874 Dominus
355 2818 432 2875 Deua
447 2818 530 2877 misit
538 2833 598 2889 me,
609 2821 639 2879 et
649 2819 771 2894 spiritus
781 2819 855 2895 ejus.
864 2819 936 2879 tiso

101 2902 173 2963 dioit
184 2903 332 2963 Dumium
341 2905 522 2981 Redemptor
530 2911 601 2966 tuus
610 2911 732 2968 senotm
745 2908 836 2969 lsrael
849 2925 857 2967 :
873 2911 936 2983 ligo

100 2992 249 3053 Dominus
265 2996 341 3053 Deus
357 2998 428 3053 tuus
439 2994 552 3055 dooeus
565 2999 592 3055 te
604 2996 699 3065 utilia,
714 2996 888 3069 gubernans
902 3000 930 3057 te
949 3028 970 3086 c

102 3082 135 3140 in
145 3080 205 3154 via,
214 3097 310 3157 quem
318 3082 468 3144 mulus.
478 3084 598 3146 Utinam
605 3084 783 3146 attendisses
790 3084 937 3147 mandatu

99 3187 170 3232 mea
188 3169 292 3236 :laote
304 3171 701 3250 luissetquusitlumenpex
712 3178 774 3244 tire,
785 3175 937 3250 etiustitie

99 3263 147 3320 tue
156 3261 238 3319 siout
251 3261 383 3334 gurgites
393 3261 497 3320 merie.
515 3263 549 3321 tit
562 3261 669 3322 luisset
683 3263 773 3338 quasi
786 3277 879 3324 arena
890 3279 936 3326 se-

97 3365 166 3409 men
182 3353 281 3421 ιιιιιιιι,
295 3355 326 3409 et
336 3351 426 3426 stirps
437 3350 515 3412 uteri
528 3352 584 3426 tui,
602 3357 636 3412 ut
656 3351 754 3428 lapilli
767 3352 833 3427 ejus
849 3369 857 3411 ι
873 3368 936 3414 nou

98 3439 280 3510 interimi,
293 3443 324 3500 et
338 3455 400 3498 non
414 3439 540 3500 luissent
552 3457 665 3501 nomen
682 3442 749 3516 sius
763 3443 898 3502 attritum
918 3458 937 3502 a

97 3527 266 3588 isoiemu.
279 3527 494 3601 Egredimiuiu
513 3529 679 3604 Babylone.
701 3530 795 3604 lugite
814 3547 835 3590 a
848 3530 937 3591 Chul-

98 3615 181 3690 dssis,
194 3616 228 3676 in
244 3631 316 3676 roos
329 3616 520 3676 exultationis
535 3618 713 3679 mambote
726 3635 733 3678 :
755 3623 785 3678 et
798 3617 936 3702 auditum

99 3703 184 3765 heito
196 3705 308 3777 hoo,et
321 3705 392 3764 terte
406 3705 480 3765 illud
489 3707 635 3782 usquead
645 3711 818 3769 extremum
828 3712 936 3776 terren

99 3797 127 3852 et
138 3793 228 3852 dieite
243 3815 251 3852 r
265 3791 401 3853 Redemit
419 3793 565 3854 Dominae
585 3811 706 3856 servum
725 3812 816 3856 suum
826 3797 931 3858 taoob.

97 3893 129 3954 n.
142 3885 250 3941 amen.

130 3972 278 4044 ligantes.
308 3973 398 4031 Saoer
422 3974 597 4032 octavarum
617 3974 693 4033 dies.
729 3973 935 4050 Supplirotio,

95 4061 224 4118 oremus
243 4059 477 4136 Redemptorem
486 4061 669 4134 mundifol.
681 4067 726 4122 et.

134 4149 292 4220 Capitulu-
312 4152 421 4210 llotum
443 4149 556 4210 lartum
580 4155 627 4213 est
645 4151 786 4220 salutare,
809 4151 935 4212 Domine

92 4238 246 4296 virtutum
256 4236 621 4314 3uotumest‚prsdiotum
628 4240 846 4314 Prophetarum
857 4256 935 4317 pres·

90 4326 205 4400 oonio;
219 4325 377 4403 visumque
389 4328 703 4404 populorumaspeotu
715 4329 936 4397 ;dumSimeon

91 4415 174 4473 ulnis
183 4417 314 4489 gestavit
323 4417 511 4494 senex,quod
517 4417 785 4478 Vatesoeoiuerunt
793 4419 931 4494 priores:
949 4388 974 4446 D

89 4521 226 4581 proquo
241 4507 271 4564 et
288 4505 437 4580 promissa
451 4513 480 4566 et
497 4507 639 4566 inohoata
652 4507 845 4578 oognosoitur
863 4523 933 4584 pro·

91 4594 649 4670 phetia,utrequieaoeretinpaoe,dum
657 4597 932 4672 aspiooretpaoem:

91 4686 119 4740 st
130 4683 222 4741 iesus
238 4683 384 4742 Dominus
398 4684 502 4744 lumen
513 4685 546 4746 iu
556 4685 774 4745 revelationem
786 4685 930 4754 Gentium

91 4775 118 4830 et
128 4771 264 4845 gloriam
277 4770 374 4847 plebis
382 4778 440 4833 tua
450 4775 551 4842 lsrael,
568 4780 598 4835 st
611 4775 780 4850 prominens
790 4775 931 4850 prodiret,

91 4865 120 4920 et
130 4861 281 4936 prodiens
295 4867 473 4937 appareret:
493 4864 658 4939 lumenque
673 4865 738 4939 elus
752 4865 934 4940 preveniret

93 4950 251 5020 amulo,
269 4965 350 5027 quos
361 4952 480 5012 oesoitae
489 4957 680 5028 oppresserat
689 4953 882 5013 tenabmrum
893 4955 925 5012 in

94 5039 228 5110 mundo;
239 5043 351 5100 Prusia
361 5041 489 5116 proinde
503 5041 645 5117 preoibus
659 5041 798 5100 Eoolssiae
809 5046 879 5109 tues,
894 5047 929 5102 ut

94 5143 170 5202 quos
190 5129 348 5190 mirabilia
367 5129 433 5190 hsso
447 5131 542 5192 ieoisti
551 5146 726 5205 agnosoere,
742 5131 783 5192 ed
796 5137 825 5192 te
836 5130 929 5193 ιιιιιιιιι

96 5216 129 5274 ln
141 5234 218 5292 paee
231 5221 404 5295 pervenire.

129 5309 338 5369 Paternoster.
349 5307 478 5369 Liberali
492 5325 513 5368 u
527 5307 618 5370 mulo.
631 5311 690 5382 fol.
706 5314 734 5367 ι.

130 5398 248 5458 tuneo
264 5397 466 5458 emundetur
490 5398 523 5458 in
539 5399 620 5458 Sion.
636 5397 812 5459 Benedictio.
826 5398 929 5458 Domi·

95 5501 153 5545 nus
166 5489 252 5549 lesus
264 5487 415 5550 Christus.
439 5487 494 5566 lot.
515 5489 744 5550 hannoniae
764 5487 892 5550 Domini.

994 1754 1089 1830 pedes
1101 1757 1221 1815 nostros
1232 1752 1264 1810 in
1277 1752 1360 1812 viem
1371 1750 1467 1825 paois.
1479 1747 1613 1820 thalule,
1623 1745 1826 1813 adeluianlle·

994 1842 1066 1903 luia.
1081 1842 1114 1905 i.
1129 1840 1211 1902 siout
1220 1838 1405 1907 audivimus,
1418 1837 1462 1897 ita
1474 1842 1504 1896 et
1517 1836 1649 1895 vidimus
1662 1834 1694 1892 in
1708 1834 1825 1892 oivitate

995 1930 1114 1991 Domini
1127 1930 1278 1999 virtutum,
1294 1926 1327 1985 iu
1340 1925 1458 1985 eivitate
1472 1925 1524 1985 Dei
1536 1922 1631 1984 nostri
1645 1940 1651 1982 :
1669 1926 1747 1981 Deus
1757 1922 1825 1981 tuu-

994 2018 1369 2081 deviteamineteruum.
1388 2019 1419 2074 P.
1439 2017 1475 2075 Ut
1487 2014 1611 2073 luoeret.
1625 2011 1657 2077 i.
1669 2011 1775 2079 Cierio,
1796 2014 1825 2069 et

994 2108 1102 2179 honor,
1114 2112 1172 2169 eto.
1190 2110 1222 2165 P.
1238 2109 1274 2167 Ut
1287 2106 1409 2165 luoeret.

1335 2194 1481 2268 llpmnur.

1119 2286 1197 2360 agni
1207 2284 1324 2359 genitor
1336 2282 1463 2343 Domino
1476 2300 1484 2338 ι

1083 2377 1214 2437 Verbum
1227 2378 1334 2435 netum
1346 2372 1385 2431 de
1401 2370 1528 2446 ngine.

1082 2468 1268 2541 conseptum
1279 2463 1343 2523 siue
1358 2461 1483 2533 minine,

1080 2554 1148 2613 Dux
1160 2551 1296 2624 luminis,
1306 2554 1336 2611 et
1348 2550 1416 2609 lons
1429 2548 1498 2607 vita
1511 2565 1519 2607 ι

1116 2640 1186 2700 listo
1200 2640 1291 2699 nobis
1303 2638 1336 2697 iu
1350 2637 1479 2697 salutem

1081 2728 1172 2789 Filius
1185 2728 1239 2787 Dei
1250 2727 1338 2787 unioe
1351 2742 1360 2785 ι

1080 2817 1270 2877 Gubernator
1280 2816 1361 2889 [lesu
1374 2813 1485 2872 Christe

1079 2907 1128 2965 ed
1137 2919 1259 2982 prooem
1271 2906 1407 2963 noshem
1421 2900 1536 2977 uspioe.

1117 3000 1150 3055 ln
1160 2992 1312 3053 mundum
1324 2990 1414 3052 nobis
1422 2990 1536 3051 missus
1545 3004 1577 3049 es

1080 3084 1222 3161 Captivos
1230 3084 1455 3159 representare,

1078 3177 1194 3234 Lumen
1206 3171 1294 3232 oreoie
1304 3172 1477 3240 reformare,

1079 3263 1233 3322 llutorum
1243 3259 1364 3334 linguas
1380 3259 1504 3318 solvere.

1115 3354 1157 3412 tls
1167 3365 1225 3408 nos
1238 3348 1402 3424 relinquas,
1416 3345 1544 3405 Domine

1081 3438 1223 3499 omnium
1237 3437 1373 3496 eonditor
1386 3435 1446 3510 pie,

1079 3528 1230 3603 Propitius
1240 3527 1391 3597 miserere,

1080 3618 1136 3688 Qui
1147 3615 1266 3675 nullum
1274 3615 1360 3689 oupis
1371 3611 1497 3688 perdere
1510 3626 1519 3670 ι

1114 3707 1279 3779 Deotorque
1294 3701 1402 3762 mundi
1414 3697 1542 3761 Domine

1079 3793 1214 3856 Salvator
1236 3791 1401 3864 Unigenite,

1079 3887 1216 3944 Tuuosa
1227 3884 1323 3940 morte
1336 3885 1461 3956 protege

1080 3972 1117 4029 ut
1130 3969 1209 4043 oepit
1225 3968 1306 4029 duloi
1315 3984 1416 4044 opere.

1114 4058 1247 4118 Christus
1265 4058 1411 4118 Dominus
1423 4057 1534 4132 vigilet,

1079 4147 1226 4222 Pidesque
1236 4153 1341 4208 nostre
1351 4147 1507 4220 germinet,

1077 4234 1182 4295 zabuli
1190 4235 1325 4295 ubeda
1336 4235 1505 4306 munimen,

1079 4327 1144 4383 Nou
1156 4324 1254 4384 valeat
1266 4325 1439 4399 subrepere.

1112 4411 1169 4473 Per
1180 4415 1286 4473 iesum
1299 4413 1449 4473 Christum
1460 4411 1633 4478 Dominum,

1068 4503 1125 4571 Qui
1137 4507 1245 4578 regnat
1262 4518 1331 4562 oum
1346 4502 1408 4562 Deo
1420 4501 1518 4575 Patre,

1077 4596 1182 4656 lituos
1195 4590 1332 4665 dignavit
1345 4589 1465 4657 dooere,

1076 4681 1239 4742 Credamus
1251 4679 1284 4738 iu
1294 4678 1444 4738 lbinitate.

1112 4771 1173 4846 σο
1187 4768 1275 4828 thino
1288 4767 1360 4837 Deo,
1374 4783 1411 4828 ao
1421 4767 1550 4829 Domino

1077 4865 1188 4922 Omnes
1201 4858 1340 4934 dieamus
1353 4856 1481 4932 gloriam
1496 4873 1503 4914 :

1079 4949 1156 5020 Data
1166 4948 1253 5007 Pater
1263 4947 1296 5006 iu
1309 4946 1455 5020 prinoipio

1077 5041 1200 5113 Semper
1212 5036 1268 5097 tuit
1277 5051 1348 5096 oum
1362 5035 1443 5095 lilio.
1457 5035 1566 5093 Amen.

1021 5129 1220 5204 Suppticotio.
1231 5128 1357 5186 oremus
1365 5123 1593 5199 Redemptorem
1602 5122 1814 5184 mundiDomi·

986 5217 1319 5280 uumnostrumiesum
1326 5214 1484 5288 Christum,
1496 5214 1658 5273 oumomui
1667 5210 1817 5284 supplica·

986 5309 1068 5382 tione
1078 5320 1239 5379 rogemus,
1252 5305 1286 5362 ιιι
1297 5303 1434 5362 &elesius
1454 5319 1519 5362 suu
1531 5307 1644 5363 saneta
1661 5296 1815 5358 ostholiorn

987 5399 1082 5458 iidem
1102 5398 1220 5468 augeat,
1236 5395 1265 5452 et
1287 5408 1395 5468 paoem
1411 5391 1533 5463 tribuat,
1550 5387 1815 5457 defensionemque

985 5483 1141 5550 renouat
1155 5482 1191 5549 lt.
1204 5482 1319 5542 Prusia
1331 5487 1442 5544 eterne
1455 5477 1646 5552 omnipotens
1660 5473 1750 5528 Deus.
