4117 6175
283 202 352 270 tth
891 196 1120 265 ababtibus
1139 194 1339 272 uordtdtitt.
1908 203 1969 265 fied

272 331 426 390 etrabiem
436 326 641 403 persecutoris,
655 324 835 387 declinando
855 322 992 382 Rhodani
1005 322 1098 380 letici-
1115 325 1141 379 A
1187 323 1489 393 decemuiros
1507 321 1653 395 intelliget
1679 337 1756 397 puer
1769 338 1860 387 meus
1871 329 1967 387 :meet

269 420 327 477 bus
342 418 475 477 infusum
496 413 860 486 auouncubrspumsas
877 411 998 471 lavacro
1011 411 1100 469 deco-
1153 412 1307 469 suscritet
1321 411 1462 469 sublimis
1478 412 1528 471 :P.
1547 414 1648 483 Etego
1662 413 1830 487 suscipiam
1846 416 1966 478 eumzt.
2045 439 2046 446 .

269 509 384 575 rasti,et
394 506 643 579 exceptoris,quo
652 503 848 575 fungebatur,
864 501 1000 562 cilicium
1013 501 1100 559 relin-
1152 502 1255 557 Danas
1279 500 1360 557 enim
1392 517 1461 558 mea
1488 500 1681 559 auxiliabitur
1704 503 1732 561 ci
1746 519 1754 559 r
1770 507 1801 561 et
1823 502 1967 563 brachium
2045 543 2046 588 ἦ

269 602 411 673 quantem
424 612 530 655 verum
540 593 829 665 tuumscquipedam
842 590 1099 661 consecrasti;iec
1152 604 1255 645 meum
1270 590 1450 647 confortabit
1460 606 1540 646 eum.
1558 592 1588 646 P.
1604 592 1722 663 litargo
1746 592 1914 666 suscipiam.
1936 596 1966 658 t.

267 702 325 745 nos
344 688 409 759 ejus
436 684 585 755 suffragiis
600 683 680 739 viam
705 681 819 753 gradiri
843 679 1097 751 secutibujusin-
1151 676 1260 743 Gloria,
1274 683 1303 737 ef
1314 679 1423 739 benur.
1442 678 1474 735 P.
1490 681 1525 735 at
1540 694 1608 749 ego.

268 777 402 847 maram,
415 779 444 833 et
460 774 586 834 idoneos
596 772 674 829 affici
697 771 893 841 vestigiorum
903 768 1099 829 tuorumimi·
1186 768 1298 825 Oratio.
1316 770 1371 825 Pac
1386 784 1455 837 nos,
1466 768 1770 838 Domine,beatissimi
1782 772 1965 845 martyrisati

266 868 393 938 putores:
410 878 471 936 quo
482 860 572 917 nullis
580 860 720 918 vitiorum
728 857 887 916 nidoribus
903 854 1054 926 offuscati,
1069 860 1100 916 et
1151 854 1271 911 Genesri
1283 856 1481 929 pedissequos
1497 872 1504 914 :
1520 857 1633 928 atejus
1657 861 1764 918 muniti
1775 858 1915 930 suffragio
1926 877 1966 921 rs·

266 940 390 1009 cursum
408 951 487 1017 ritas,
503 950 579 1005 siout
591 949 640 1009 bio
652 947 738 1006 miles
754 952 836 1013 tuus,
852 946 1040 1003 deducamus
1064 946 1097 1005 in
1151 943 1436 1017 spuamuafallacias
1446 945 1632 1016 doemonum
1642 947 1966 1023 cujuslnstructipatro

264 1038 534 1115 praeconemque
552 1037 757 1110 patrocinante
782 1035 919 1095 adluam
940 1034 1095 1107 pervenire
1150 1032 1619 1096 ciuioridaamusbonainterra
1634 1034 1856 1109 viventiume.
1872 1039 1964 1097 Amen
2045 1071 2046 1100 ;

268 1144 441 1187 mereamur
455 1126 651 1201 conspicuam
667 1125 850 1183 claritatem:
1184 1124 1247 1179 Per.

299 1218 386 1274 Pater
394 1222 507 1274 noster.
524 1218 613 1272 fitne.
633 1213 760 1271 Liberali
771 1228 789 1271 a
800 1212 892 1271 melo.
906 1212 961 1283 sci.
972 1216 999 1269 t.
1184 1220 1219 1283 a.
1235 1211 1372 1269 invocavi
1383 1211 1568 1271 altissimum
1580 1216 1735 1286 potentem
1746 1218 1777 1272 et
1795 1215 1968 1287 expugnarit

298 1304 478 1365 Benedictio.
499 1304 630 1361 Christus
647 1302 803 1367 Dominus,
815 1302 868 1375 qui
881 1300 1095 1362 baatisdmum
1147 1296 1286 1356 inimicos
1298 1314 1392 1367 meos,
1405 1301 1478 1374 quie
1497 1300 1636 1361 stabilem
1650 1317 1700 1359 me
1712 1301 1781 1359 fecit
1794 1308 1900 1361 conba
1919 1303 1967 1361 be-

263 1395 423 1453 Genesium
434 1396 639 1450 transeuntem
645 1389 909 1447 Rhodanialveum
919 1403 1093 1457 nenpessns
1148 1390 1216 1453 stes,
1230 1393 1259 1445 et
1266 1387 1411 1459 confregit
1424 1389 1590 1447 murmuria
1604 1389 1722 1450 malitie
1741 1406 1847 1449 eurum
1861 1392 1967 1449 :Demi-

261 1489 308 1541 est
319 1482 388 1539 ultis
402 1481 521 1542 aeribus
529 1478 667 1551 impediri
680 1478 830 1551 algarum,
845 1478 910 1551 ipse
920 1476 1014 1551 pedes
1026 1492 1092 1533 ves·
1145 1490 1205 1533 nus
1218 1476 1301 1533 fortis
1319 1477 1486 1548 permansit
1497 1493 1630 1538 mecum.
1648 1480 1683 1541 P.
1703 1480 1737 1540 ln
1758 1485 1914 1540 murnum.
1929 1481 1963 1543 i.

260 1570 478 1628 trcsdissolrat
495 1584 608 1626 anexu
631 1566 814 1635 ariminium,
826 1566 1035 1639 etdirigelpar
1047 1581 1093 1624 se-
1146 1566 1253 1624 Sletuil
1264 1566 1411 1626 Dominus
1422 1583 1512 1641 supra
1525 1574 1640 1641 petrem
1653 1568 1746 1641 pedes
1764 1572 1872 1627 meos:
1886 1574 1915 1629 et
1926 1569 1966 1627 di·

259 1661 349 1719 mites
361 1659 576 1718 mandatorum
585 1672 722 1717 sucrum.
735 1669 768 1729 te.
784 1658 936 1723 amenas,
944 1656 997 1729 qui
1005 1655 1090 1713 illum
1110 1654 1220 1725 grant
1231 1670 1355 1727 gressus
1364 1672 1461 1715 meos.
1478 1657 1514 1713 P.
1528 1660 1561 1715 ln
1572 1662 1729 1719 amenum.
1748 1658 1783 1720 i.
1812 1658 1917 1729 Gloria,
1939 1664 1968 1717 et

258 1749 392 1822 positum
404 1748 436 1805 in
447 1749 542 1805 atatis
557 1746 819 1820 primulacirculis
832 1744 873 1803 ab
882 1744 1091 1803 emcubonsli·
1141 1739 1241 1801 honor
1255 1742 1344 1801 Petri.
1360 1746 1393 1803 P.
1405 1746 1439 1801 ln
1451 1751 1608 1806 eternum.

257 1836 317 1895 bus
330 1837 477 1895 divertere
486 1836 556 1895 feeit
578 1834 747 1903 inlecebris,
763 1851 800 1893 ac
825 1834 955 1893 reddidit
978 1838 1089 1893 sortem
1180 1831 1296 1891 Oratio.
1304 1832 1501 1905 Omnipotens
1514 1834 1670 1904 Dominus,
1692 1834 1749 1908 qui
1768 1833 1967 1894 beutimimum

258 1924 407 1997 caelicolis,
421 1922 753 2000 ipserosabomnibus
766 1923 924 1981 incentivis
942 1922 1090 1981 emaculet
1144 1921 1304 1979 Genesium
1331 1930 1497 1995 martyrem
1519 1929 1603 1979 tuum
1625 1924 1775 1995 passionis
1800 1924 1968 1983 stimuliset

257 2029 376 2073 cernere
388 2013 576 2071 ubilationis.
590 2025 623 2086 tp.
640 2014 815 2079 emenone
826 2019 958 2085 tempore
970 2010 1087 2083 iudicii.
1143 2008 1324 2072 minantium
1337 2009 1484 2069 fluctuum
1500 2011 1630 2069 commu
1643 2011 1776 2085 probari,
1800 2027 1864 2071 non
1871 2012 1965 2077 obrui,

256 2102 392 2161 defecati
406 2102 446 2161 ab
465 2102 549 2160 omni
563 2118 644 2161 nexu
669 2101 882 2175 peccaminum
901 2100 1020 2159 celibes
1048 2099 1089 2157 et·
1142 2097 1313 2170 permisisti,
1328 2116 1399 2159 cum
1412 2116 1482 2157 eum
1496 2098 1688 2160 dimicantem
1700 2116 1757 2160 nec
1774 2116 1866 2175 piena
1882 2118 1967 2176 supe-
2045 2087 2046 2106 ¹

254 2190 406 2249 lecticam
425 2190 656 2254 eodemeternre
670 2189 940 2263 pacismereemini
968 2188 1083 2250 locum.
1142 2192 1229 2259 reret
1245 2188 1457 2246 necimmerito
1472 2189 1555 2246 unda
1567 2190 1766 2262 supprimeret
1778 2208 1788 2263 ;
1802 2190 1877 2264 quia
1900 2190 1967 2248 eiet

256 2289 290 2352 n.
305 2284 410 2338 Arnen.
1141 2275 1202 2334 illic
1215 2277 1348 2346 adfuisti,
1362 2278 1589 2340 necrucietibus
1601 2279 1807 2352 vinceretur-,et
1816 2280 1866 2337 bic
1877 2296 1965 2353 pnes·

290 2369 347 2426 Per
358 2367 711 2441 misericordiamipslus.
1141 2366 1236 2436 tilieti,
1254 2372 1288 2424 ut
1309 2372 1414 2425 conus
1436 2373 1577 2453 naturam
1609 2364 1750 2425 fluctibus
1776 2373 1963 2443 portaretur:

288 2458 402 2517 Made.
419 2456 529 2516 Beatus
542 2457 597 2529 vir,
610 2456 755 2530 quitimet
764 2455 928 2513 Dominum
938 2454 1085 2513 Alleluia:
1141 2453 1293 2513 miraculis
1307 2456 1395 2513 tanda
1409 2455 1501 2513 fidem
1515 2454 1658 2513 omnibus
1667 2458 1787 2529 praesta,
1802 2461 1964 2515 ntvotace
2045 2533 2046 2538 η

252 2544 286 2603 P.
302 2546 337 2603 ln
350 2545 668 2618 mendatisejuscupit
684 2544 787 2603 nimis.
801 2543 936 2613 Alleluia,
953 2542 1083 2610 alleluia,
1139 2542 1326 2602 lebranlibus
1338 2544 1528 2602 devotissime
1543 2544 1744 2603 conferantur.
1760 2556 1793 2617 a.
1811 2550 1919 2603 amen.

250 2633 284 2699 P·
299 2636 408 2694 Potens
419 2635 451 2692 in
462 2642 540 2692 terra
552 2635 606 2695 erit
617 2650 722 2695 semen
731 2634 798 2707 eJ'us
808 2651 815 2691 :
825 2632 978 2705 generatio
991 2636 1087 2691 recte·
1176 2630 1241 2689 Per.

250 2739 320 2782 rum
332 2724 536 2785 benedicetur.
551 2724 585 2783 P.
594 2728 628 2783 ln
642 2723 793 2783 mandaus
822 2723 898 2795 ejus.
916 2722 948 2785 i.
974 2722 1084 2783 aloru.
1174 2722 1354 2793 antiplona.
1372 2720 1522 2796 Sapientia
1534 2722 1680 2795 justane
1694 2722 1892 2796 pereuntibus
1908 2722 1965 2781 irn-

249 2818 280 2871 er
293 2813 402 2872 honor,
419 2816 450 2871 Ρ,
466 2818 499 2871 111
514 2813 678 2873 mandaris.
1138 2809 1196 2882 piis
1210 2808 1361 2868 liberavit:
1376 2809 1406 2866 P.
1418 2812 1453 2869 Et
1466 2808 1563 2867 induit
1577 2826 1632 2885 pro
1644 2810 1738 2868 lorica
1756 2810 1926 2883 justitiam:
1938 2818 1967 2871 et
2045 2809 2046 2814 ’

286 2900 402 2959 Oratio.
421 2904 532 2961 Proeste
552 2900 749 2967 uobis,Daus,
763 2899 930 2957 beatissimi
939 2897 1083 2971 martyris
1138 2898 1227 2968 galea
1237 2899 1340 2957 salutis
1354 2899 1386 2955 in
1400 2898 1497 2973 capite
1512 2899 1589 2971 ejas.
1601 2898 1633 2961 P.
1655 2898 1764 2957 Beatus
1782 2899 1839 2969 vir,
1861 2900 1918 2974 qni
1930 2901 1964 2959 ti·

247 2987 291 3045 tui
302 2987 422 3045 Genesii
436 2988 806 3059 assiduumpstrocinium
815 3004 825 3054 ;
839 2988 946 3058 atejus
958 3001 1082 3060 quoque
1098 3014 1119 3071 0
1137 2993 1198 3044 met
1212 2988 1374 3047 Dominum
1390 3004 1397 3044 :
1413 2989 1444 3045 in
1471 2987 1623 3045 mandatis
1648 2987 1805 3061 eJuscupit
1816 2986 1920 3047 nimis.
1933 2990 1965 3047 P.

245 3074 429 3148 praeclarum
443 3075 565 3150 assequi
574 3089 746 3134 mercamur
759 3076 933 3147 exemplum
948 3079 1001 3134 :ut
1012 3092 1082 3134 sen-
1136 3078 1171 3135 Et
1181 3076 1287 3136 induit.
1302 3076 1336 3140 P·
1353 3078 1462 3150 Gloria,
1473 3082 1502 3135 et
1518 3077 1624 3135 bonor.
1640 3074 1671 3133 P.
1689 3078 1726 3142 lit
1735 3076 1846 3138 induit.

245 3151 352 3221 tientes
365 3163 587 3238 impensissime
601 3163 829 3236 suffragantem,
845 3179 1011 3238 sequemur
1021 3164 1080 3223 for.
1171 3167 1285 3225 Oratio.
1300 3169 1446 3224 AEternum
1458 3167 1573 3225 virtutis
1589 3170 1646 3224 tue
1672 3181 1795 3240 nomen,
1822 3167 1966 3242 omnipo-

247 3251 362 3311 tissimc
373 3253 569 3328 preliantem·
583 3265 617 3326 ip.
631 3256 743 3312 Amen.
1133 3261 1200 3315 tens
1214 3259 1303 3329 Deus,
1317 3273 1449 3325 oramus,
1469 3260 1503 3314 nt
1516 3272 1572 3314 nos
1583 3257 1727 3330 martyris
1739 3256 1784 3315 tui
1799 3255 1924 3316 Genesii
1937 3273 1969 3328 er

281 3343 346 3400 Per.
1132 3347 1270 3404 omnium
1285 3347 1464 3405 Sanctorum
1482 3347 1595 3404 meritis
1607 3346 1717 3418 socios,
1729 3346 1790 3403 tide
1802 3347 1967 3420 pares,de·

536 3431 787 3492 Adliciutimsm.
1130 3434 1249 3493 votione
1264 3439 1411 3507 strenuos,
1434 3435 1588 3509 passione,
1614 3434 1806 3505 consimiles;
1821 3440 1853 3493 et
1871 3435 1908 3494 in
1920 3453 1967 3495 rs·
2045 3430 2046 3471 l

281 3520 466 3592 antiplona.
495 3521 586 3582 Labie
613 3537 690 3580 mee.
713 3520 859 3580 Psalmis.
890 3523 936 3580 ee.
960 3521 1072 3581 Oratio.
1129 3523 1313 3582 suneotlcne
1327 3523 1458 3583 felicium
1480 3523 1575 3582 facias
1589 3525 1798 3599 conquesita
1815 3531 1927 3586 amen.

242 3609 390 3677 Exultent,
406 3610 608 3682 Domine-sol.
627 3625 732 3670 cmxx.
1161 3612 1214 3670 Per
1227 3613 1476 3672 misericordiam.

273 3699 450 3770 antiplona
462 3701 551 3772 titgo
563 3699 700 3767 clamavi,
710 3698 856 3772 quonism
869 3697 1071 3758 exaudistime
1159 3701 1348 3773 accipiens.
1363 3701 1420 3759 lste
1431 3703 1524 3760 homo
1536 3703 1567 3759 in
1583 3701 1755 3761 certamine.
1777 3703 1864 3773 folia
1882 3719 1959 3762 csxr.

236 3781 454 3850 Deuszinclina
468 3803 573 3845 aurem
588 3792 670 3848 tuem
692 3788 777 3853 mibi,
791 3791 820 3846 et
838 3787 950 3844 exaudi
975 3788 1069 3850 verba
1159 3791 1553 3849 Oratic.Deusimmenseet
1566 3789 1706 3862 gloriose,
1721 3804 1815 3866 quem
1841 3792 1958 3866 inpas-

235 3891 314 3934 mca.
329 3876 360 3933 P.
377 3877 499 3934 Custodi
512 3893 571 3943 me,
582 3882 614 3938 ut
628 3877 776 3950 pupillam
785 3875 865 3934 oculi
877 3894 883 3936 :
896 3876 1068 3935 subumbra
1120 3879 1256 3937 sionibus
1267 3883 1428 3953 tfartyrum
1441 3880 1614 3949 colimus,in
1628 3883 1786 3938 Destorum
1813 3881 1957 3940 solemni·

234 3963 352 4024 dmum
365 3971 484 4026 tuarum
494 3971 617 4040 protege
630 3983 688 4024 me.
705 3965 736 4028 P.
752 3965 863 4024 Exaudi
891 3965 1066 4038 DeusJ'uati-
1118 3968 1227 4027 tatibus
1239 3983 1428 4036 veneremur,
1444 3976 1532 4044 atque
1545 3969 1576 4026 in
1591 3969 1805 4026 certaminibus
1826 3970 1954 4028 vincam

243 4053 304 4111 iam
320 4071 419 4114 meam
435 4073 444 4112 .·
460 4055 578 4115 intende
591 4055 834 4128 deprecationem
856 4069 967 4112 meam.
980 4057 1064 4115 duri·
1116 4055 1194 4112 tium
1220 4057 1440 4115 conlaudamus
1457 4077 1465 4127 ς
1481 4058 1585 4115 adesto
1608 4057 1748 4131 precibus
1775 4059 1952 4132 supplican-

230 4140 290 4200 bus
304 4145 423 4218 percipe
438 4144 601 4202 orationem
614 4159 724 4210 meam,
739 4148 769 4202 ct
786 4158 849 4202 nen
863 4143 895 4200 in
908 4143 996 4202 labiis
1006 4143 1062 4200 do-
1116 4147 1191 4204 tium
1206 4145 1373 4204 interventu
1386 4147 1508 4219 gloriosi
1520 4146 1662 4220 martyris
1676 4147 1718 4204 tnl
1746 4150 1864 4206 Genesri
1879 4167 1888 4205 :
1906 4153 1949 4217 nt,

229 4227 313 4288 lesia.
328 4233 359 4288 P.
371 4231 492 4288 Custodi
500 4247 558 4288 me.
573 4231 715 4298 iaGloria,
729 4235 759 4288 et
774 4230 879 4290 bonor.
888 4228 1055 4290 P.ftnstodi.
1114 4236 1167 4307 qni
1185 4239 1214 4293 te
1237 4251 1292 4310 pro
1318 4237 1459 4294 admissis
1487 4236 1650 4294 terribilem
1676 4237 1852 4302 metuimus,
1880 4240 1950 4312 ejus

265 4317 430 4392 [mcxxxix]
461 4319 574 4378 Oratim
600 4320 713 4378 Presta
737 4318 837 4388 nobis,
860 4320 892 4378 ic
930 4320 1060 4392 vesperes
1075 4325 1253 4418 1‚precibus
1273 4332 1412 4384 exoratus
1427 4325 1458 4383 ln
1472 4325 1839 4400 misericordlaplacitum
1865 4327 1949 4385 inre·

225 4406 468 4479 precedentibus.
1112 4414 1241 4472 niamus.
1256 4425 1290 4488 tp.
1311 4420 1417 4474 amen.

261 4494 449 4566 Antiphone.
478 4496 536 4553 Iste
547 4499 670 4558 sanctim
698 4495 851 4564 clamavit,
866 4500 896 4556 at
913 4497 1059 4562 Dominus
1146 4505 1458 4564 Permisericordiam.

226 4583 377 4643 exaudivit
391 4599 461 4642 eum
478 4587 526 4643 :P.
542 4586 577 4642 Et
590 4599 627 4644 ex
646 4586 789 4646 omnibus
808 4585 1057 4646 tribulationibus
1145 4596 1324 4667 antiplona.
1340 4598 1489 4654 coronam
1500 4593 1602 4667 glories
1618 4609 1732 4668 ponam
1745 4607 1838 4672 snper
1848 4603 1947 4670 caput

225 4673 290 4748 ejus
300 4673 523 4734 liberariteurn.
536 4673 568 4738 P.
586 4677 657 4732 Dece
673 4675 717 4734 sic
729 4674 928 4736 benedicetur
949 4676 1054 4745 honre,
1109 4684 1184 4756 ejus,
1200 4683 1270 4740 dicit
1284 4683 1430 4741 Dominus
1444 4701 1451 4741 :
1467 4690 1497 4741 et
1508 4681 1636 4740 induam
1646 4683 1731 4740 lflnrn
1746 4684 1859 4742 stolam
1868 4699 1945 4742 can·

221 4763 276 4838 qui
290 4764 373 4822 timet
384 4763 556 4834 Dominum.
572 4766 603 4826 P.
616 4766 658 4824 lia
670 4764 821 4827 omuibus.
837 4763 870 4828 t.
898 4765 1006 4840 Gloria,
1025 4771 1056 4826 et
1108 4771 1223 4841 didam,
1237 4771 1267 4828 P.
1284 4773 1360 4839 Quia
1375 4773 1503 4831 servarit
1523 4771 1667 4830 mandata
1677 4785 1755 4830 mee.
1768 4773 1802 4829 Et
1813 4779 1946 4848 propter

219 4849 329 4911 honor.
345 4853 376 4910 P.
391 4855 433 4911 Ex
452 4853 607 4916 omnibus.
1106 4876 1218 4920 nornen
1233 4877 1335 4919 meum
1348 4862 1461 4919 effusas
1475 4865 1521 4918 est
1532 4861 1657 4932 sanguia
1668 4865 1734 4934 ejus
1744 4861 1776 4918 ln
1791 4867 1880 4920 terra.
1907 4861 1944 4924 P.

256 4940 370 4999 Oratio
386 4941 438 5014 Sit,
453 4943 795 5017 nominsprecedenus
810 4947 839 5004 et
853 4947 961 5002 orante
970 4957 1054 5001 mar·
1105 4953 1139 5009 at
1152 4967 1266 5025 ponem
1280 4951 1310 5008 in
1321 4951 1397 5008 mari
1410 4952 1620 5023 manamine,
1635 4956 1665 5008 et
1675 4951 1855 5009 fluminibus
1865 4953 1943 5009 dex-

218 5031 284 5102 tyre
304 5035 355 5087 tuo
385 5032 513 5090 Genesin
539 5031 629 5090 nobis
644 5031 765 5090 famulis
788 5032 846 5089 tuis
872 5038 901 5097 te
928 5031 1052 5090 amendi
1104 5043 1198 5099 terem
1213 5041 1287 5114 ejus.
1302 5040 1335 5097 P.
1352 5040 1571 5114 Etpropter.i{.
1589 5039 1743 5112 chrlmet
1756 5040 1857 5099 bonor
1881 5043 1942 5099 Pe·

216 5122 359 5192 prompte
370 5117 523 5186 voluntas,
541 5124 574 5180 ut
590 5121 622 5180 in
635 5121 720 5180 nullo
735 5121 882 5194 impediat
894 5123 992 5182 carnis
1002 5121 1049 5180 in·
1101 5129 1151 5187 tri.
1168 5131 1198 5186 P.
1211 5132 1244 5186 Ει
1259 5136 1391 5204 propser.

214 5205 352 5264 firmitas.
368 5207 414 5265 Sic
432 5209 538 5266 eodem
553 5209 678 5267 docente
692 5207 806 5267 anobis
819 5211 950 5270 calcetur
962 5229 1048 5270 mun·
1137 5218 1251 5276 Oratio.
1265 5221 1350 5288 Deus,
1377 5219 1464 5291 cujus
1478 5217 1576 5276 honor
1590 5219 1734 5278 sanctitas
1755 5223 1811 5286 est,
1836 5233 1940 5294 quern
2045 5208 2046 5223 ¹

214 5294 247 5352 di
260 5295 419 5372 cupiditas,
434 5302 467 5354 ut
493 5298 601 5358 eodem
620 5298 819 5358 intercedente
833 5301 1045 5376 perveniemus
1098 5306 1221 5380 diligere
1241 5306 1322 5364 salus
1337 5313 1392 5378 est,
1407 5313 1436 5366 et
1447 5323 1550 5365 amare
1562 5307 1704 5381 perfectio
1718 5327 1727 5380 ;
1743 5307 1880 5365 inlabere
1903 5307 1938 5362 in

213 5384 254 5450 ed
267 5384 424 5448 victoriam
440 5385 604 5446 charitatis.
623 5397 656 5462 ιι.
667 5388 773 5451 Amen.
1097 5392 1240 5456 cordibus
1252 5397 1363 5456 nostris
1378 5414 1384 5454 :
1400 5397 1441 5455 da
1454 5397 1485 5453 in
1499 5398 1583 5456 omni
1598 5397 1729 5456 Ecclesia
1742 5399 1794 5455 tua
1806 5393 1939 5470 gloriosi

247 5474 301 5536 Per
315 5475 564 5544 misecordiam.
1095 5485 1237 5558 martyris
1248 5486 1291 5545 tui
1302 5485 1417 5546 Genesii
1429 5485 1529 5548 lucere
1540 5486 1668 5560 vestigia
1679 5490 1729 5546 :ut
1756 5489 1785 5545 te
1806 5487 1937 5562 gerente
