4117 6175
228 118 281 175 rae
602 71 606 84 ’
851 87 1080 163 eeavrseruu
1100 100 1296 162 eornreuu.
1881 91 1930 147 rae

593 235 694 293 llltllll.
1070 232 1093 286 A
1144 228 1175 285 ln
1206 224 1332 285 Domino
1358 218 1534 280 laudabitur
1559 214 1785 275 animantes*
1810 210 1929 272 audient

423 320 846 399 tlnfinemPsalmusDavid.
1109 311 1469 383 mansueti‚etlaetcntur.

266 418 342 473 Ana.
358 413 549 485 confitemini
566 411 693 469 Domino
710 410 743 467 in
766 409 895 475 cithero,
909 406 1056 479 psalterio
1144 404 1325 477 Magnificate
1340 400 1500 458 Dominum
1513 396 1693 454 mecum*et
1707 392 1875 451 exaltemus
1884 405 1933 449 no

232 507 331 566 decem
341 503 521 562 chordarum
529 500 649 572 psallite
663 499 699 557 ei.
1110 509 1180 552 men
1192 494 1255 550 eius
1270 494 1300 548 in
1313 504 1419 548 unum.

269 593 400 652 Gaudete
414 592 484 649 iusti
502 592 534 648 in
548 588 676 647 Domino
691 591 707 625 *
724 588 821 644 rectos
835 584 921 642 decet
934 583 1057 643 conlau·
1146 580 1289 656 Inquisibi
1305 578 1475 646 Dominum,
1486 590 1523 633 ex
1531 570 1684 631 exaudibit
1692 568 1765 629 me*
1778 574 1810 628 et
1821 585 1858 627 ex
1875 585 1932 629 om·

234 683 328 741 datio.
1110 672 1200 732 nibus
1214 669 1359 743 angustiis
1372 667 1448 725 meis
1464 665 1571 738 eripuit
1582 678 1641 721 me.

268 768 345 845 [xm]
359 765 546 825 confitemini
557 765 685 823 Domino
697 764 730 821 in
742 763 857 821 cithara
869 770 885 804 ¹
898 761 930 820 in
944 762 1058 836 psalte·-
1146 759 1283 819 Aceedite
1296 758 1336 816 ad
1345 756 1517 822 Dominum,
1534 756 1562 811 et
1575 748 1798 810 inluminamini
1808 755 1825 790 ⁴¹
1834 752 1864 807 et
1876 748 1934 807 ual-

232 858 279 917 rio
293 857 397 915 decem
408 855 591 914 chordarum
602 852 720 928 psallite
734 852 772 909 ei.
1112 854 1159 910 tus
1172 849 1262 907 vestri
1275 862 1337 904 non
1352 845 1536 903 erubescent.

266 948 388 1006 cantate
404 945 432 1003 ei
445 944 597 1002 canticum
609 958 722 1001 novum
736 942 843 1000 *bene
857 939 975 1014 psallite
985 939 1011 998 ei
1026 940 1059 998 in
1147 940 1202 996 lste
1211 952 1327 1011 pauper
1341 934 1481 993 clamavit
1491 935 1520 990 et
1529 928 1838 990 Dominuscxaudivit
1847 930 1934 985 eum*

232 1035 416 1093 iubilatione.
1112 1032 1141 1087 et
1154 1042 1190 1085 cr
1210 1025 1351 1085 omnibus
1366 1020 1605 1081 tribulationibus
1620 1019 1685 1078 eius
1704 1017 1842 1076 liberavit
1858 1031 1933 1073 eum.

264 1122 412 1190 Quoniam
434 1123 534 1178 rectus
558 1123 604 1178 cst
619 1135 718 1178 sermo
739 1119 856 1178 Domini
880 1120 934 1178 *et
956 1118 1059 1176 omnia
1148 1115 1282 1173 immittit
1296 1114 1437 1185 angelum
1447 1110 1590 1170 Dominus
1600 1110 1631 1167 in
1642 1106 1755 1167 circuiti
1767 1106 1933 1166 timentium

228 1227 322 1287 opera
340 1211 404 1268 eius
421 1211 453 1267 in
471 1209 543 1267 fide.
1113 1222 1183 1265 eum
1194 1213 1203 1230 ·
1214 1209 1243 1262 et
1255 1208 1337 1262 eruet
1351 1218 1411 1261 eos.

266 1298 367 1373 Diligit
377 1296 813 1364 miscricordiam,etindicium
827 1293 1056 1354 *misericordie
1149 1296 1277 1364 Gaetulo,
1292 1297 1319 1349 et
1341 1291 1450 1360 videte,
1465 1304 1558 1364 quam
1571 1286 1672 1347 suevis
1699 1288 1746 1345 est
1760 1284 1936 1343 Dominus*

233 1388 354 1446 Domini
371 1386 461 1460 plena
477 1390 522 1442 est
534 1391 622 1442 terra.
1112 1383 1220 1443 beatus
1231 1380 1287 1451 vir,
1302 1380 1354 1455 qui
1369 1382 1470 1454 sperat
1480 1378 1511 1435 in
1521 1392 1601 1435 eum.

269 1474 364 1532 verbo
380 1472 497 1531 Domini
512 1473 578 1531 coeli
600 1472 710 1531 firmati
733 1476 828 1531 eunt*
842 1476 870 1529 ct
882 1470 986 1545 spiritu
999 1470 1059 1529 oris
1148 1472 1258 1529 Timete
1276 1470 1437 1527 Dominum
1451 1482 1557 1525 omnes
1578 1464 1674 1524 sancti
1692 1463 1756 1523 eius
1768 1462 1934 1537 *quoniam

236 1563 300 1619 eius
314 1560 414 1619 omnis
431 1561 650 1619 virtuseorum.
1079 1560 1188 1635 guibil
1206 1560 1289 1617 deest
1307 1555 1479 1615 timentibus
1497 1570 1577 1611 aum.

272 1650 463 1721 Congregane
475 1648 553 1709 sicut
566 1650 598 1706 in
611 1652 677 1708 utre
700 1663 796 1725 aquas
810 1649 902 1706 meris
916 1648 1059 1721 *ponens
1150 1647 1259 1704 Diuites
1271 1647 1426 1718 eguerunt,
1441 1646 1470 1701 et
1483 1642 1678 1701 esurierunt*
1689 1638 1876 1714 inquirentes
1890 1650 1935 1693 au·

236 1738 267 1796 in
282 1737 431 1795 thesauris
446 1736 583 1811 abyssos.
1115 1740 1175 1797 tom
1187 1736 1348 1793 Dominum
1360 1748 1422 1790 non
1436 1730 1574 1789 deficient
1584 1730 1668 1787 omni
1679 1729 1767 1787 bono.

273 1818 387 1886 liment
401 1826 563 1885 Dominum
589 1826 690 1885 ornnis
705 1828 782 1885 terra
793 1829 809 1862 ¹¹
821 1826 860 1885 ab
872 1826 940 1901 ipsc
961 1828 1063 1885 autem
1151 1825 1359 1884 aasumensi
1368 1822 1635 1880 Dominusonimcs
1642 1833 1797 1878 sevorum
1806 1830 1935 1885 suorum,

239 1914 512 1975 commovebuntur
524 1915 667 1984 universi,
682 1920 711 1973 et
720 1916 883 1990 omnesqui
895 1915 1064 1974 inhabitent
1117 1919 1146 1974 et
1155 1930 1214 1973 non
1228 1913 1414 1984 derelinquet
1425 1923 1534 1981 omnes,
1556 1909 1610 1982 qui
1626 1912 1749 1980 sperem
1762 1907 1796 1963 in
1815 1920 1892 1963 eum

238 2004 353 2061 orbem.
1152 2003 1253 2061 Venite
1264 1999 1436 2072 filii,audits
1455 2014 1504 2057 me
1519 1998 1675 2057 'timorem
1690 1993 1811 2056 Domini
1826 1990 1937 2051 docebo

272 2090 419 2157 Quoniam
433 2091 497 2163 ipse
512 2091 596 2161 dixit,
611 2095 639 2149 et
652 2091 732 2150 tacta
744 2096 829 2163 sunt;
840 2092 928 2167 ¹*ipse
937 2089 1065 2151 manda·
1117 2109 1184 2152 ros.

235 2178 287 2245 rit,
302 2183 331 2237 et
345 2183 445 2236 creata
460 2185 539 2237 sunt.
1154 2179 1225 2248 Quis
1244 2182 1288 2237 est
1301 2178 1404 2249 homo,
1416 2176 1470 2251 qui
1483 2175 1547 2234 vult
1560 2175 1652 2235 sitam
1666 2174 1682 2210 ¹
1702 2175 1732 2232 ct
1743 2171 1829 2247 cupit
1843 2168 1938 2228 videre

271 2266 418 2325 Dominus
426 2265 555 2340 dissipat
566 2267 692 2326 consilis
702 2268 1002 2341 gentiumzreprobat
1011 2285 1064 2327 au·
1118 2266 1310 2327 diesbonost

233 2358 294 2415 tem
310 2355 505 2433 cogitationes
514 2355 709 2433 populorum,
719 2360 735 2393 ¹*
745 2361 774 2415 et
783 2358 926 2432 reprobat
940 2358 1064 2417 consilia
1155 2356 1263 2415 Cohibe
1272 2354 1410 2425 linguam
1424 2355 1536 2412 tuama
1554 2352 1652 2423 malo;
1666 2361 1682 2397 ⁸
1695 2353 1725 2409 et
1736 2348 1821 2408 labia
1837 2351 1888 2407 tua
1904 2360 1938 2403 ns

238 2442 421 2517 principum.
1118 2446 1280 2520 loquantur
1295 2442 1412 2500 dolum.

273 2533 438 2592 consitium
447 2548 519 2593 vero
527 2534 646 2594 Domini
654 2536 798 2595 manetin
808 2539 952 2595 aeternnm
962 2536 1067 2609 *cogi-
1154 2532 1275 2591 Dcclina
1289 2546 1307 2589 a
1320 2529 1411 2597 malo.
1427 2533 1456 2588 et
1467 2529 1515 2589 fau
1529 2529 1667 2588 bonum*
1686 2526 1803 2605 inquire
1825 2538 1939 2599 paoem,

238 2622 365 2680 tationes
380 2621 478 2681 cordis
494 2623 557 2680 eius
569 2624 600 2681 in
613 2626 757 2682 saeculum
777 2624 888 2683 saeculi.
1121 2625 1282 2697 etsequere
1298 2636 1376 2679 eam.

274 2712 348 2768 Ana.
362 2711 474 2769 Anima
488 2714 719 2783 metropolicae
734 2719 776 2772 est
790 2716 823 2772 in
840 2714 978 2784 Domino,
991 2714 1069 2789 'quo
1158 2709 1240 2771 Oculi
1253 2709 1373 2769 Domini
1386 2724 1476 2785 super
1489 2707 1584 2766 iustos
1595 2706 1647 2766 ’et
1658 2720 1746 2767 aures
1755 2705 1819 2765 eius
1829 2703 1940 2777 adpre·

240 2799 325 2857 oium
337 2800 469 2869 adiutor,
487 2806 848 2872 repressere-nosceres.
1122 2816 1171 2860 ces
1186 2816 1301 2859 eorum.

276 2888 367 2945 Beata
377 2903 450 2961 gens
465 2890 550 2947 cuius
563 2905 596 2947 es
610 2891 753 2949 Dominus
772 2892 850 2949 Deus
863 2907 969 2950 eorum
983 2892 1000 2926 *
1013 2907 1068 2967 po-
1086 2928 1108 2987 c
1158 2891 1261 2948 Vultus
1277 2891 1376 2947 autem
1391 2886 1510 2945 Domini
1525 2900 1615 2961 super
1629 2883 1771 2945 foetentes
1785 2884 1868 2943 mala
1883 2881 1899 2914 ¹*
1915 2882 1944 2937 ut

241 2975 347 3050 pulum
361 2992 453 3049 quem
464 2977 552 3051 elegit
567 2977 713 3038 Dominus
732 2980 764 3038 in
783 2979 979 3039 hereditatem
998 2981 1066 3042 sibi.
1113 2980 1228 3056 'perdat
1242 2979 1370 3037 deterre
1385 2976 1563 3035 memoriam
1577 2990 1692 3033 eorum.

274 3062 377 3121 Dcoelo
386 3065 519 3138 respexit
527 3066 682 3139 Dominus,
693 3071 720 3125 et
730 3066 917 3127 viditomncs
926 3068 1003 3126 tilios
1010 3069 1066 3128 bo·
1158 3066 1369 3126 clamaberunt
1383 3064 1461 3134 iusti,
1478 3069 1507 3124 et
1517 3062 1662 3124 Dominus
1671 3060 1823 3123 exaudibit
1837 3060 1944 3120 eos’et

237 3150 356 3209 minum
366 3152 427 3210 *de
436 3159 608 3228 preparato
623 3154 798 3213 habitaculo
811 3171 867 3215 suo
878 3157 1007 3232 respexit
1019 3174 1067 3217 su·
1121 3173 1159 3218 ex
1170 3156 1312 3216 omnibus
1322 3154 1565 3213 tribulationibus
1579 3168 1685 3211 eorum
1698 3150 1837 3210 liberabit
1850 3165 1911 3208 eos.

240 3254 295 3313 per
308 3256 427 3310 omnes,
440 3241 493 3316 qui
507 3241 679 3302 inhabitant
688 3243 804 3302 orbem.
1157 3249 1242 3304 luxte
1256 3251 1299 3303 est
1309 3245 1455 3303 Dominus
1465 3242 1522 3309 his,
1535 3243 1587 3317 qui
1595 3240 1736 3302 tribulato
1746 3245 1816 3300 sunt
1832 3238 1942 3298 corde·

278 3329 333 3398 Qui
347 3329 434 3388 finxit
445 3330 619 3402 singillatim
633 3332 726 3391 corda
740 3347 864 3408 eorum3
880 3333 952 3408 ‘qui
963 3334 1068 3394 intelli·
1121 3338 1150 3395 et
1165 3333 1298 3393 humiles
1316 3333 1420 3408 spiritu
1434 3329 1572 3390 salvabit.

240 3418 283 3488 git
299 3419 403 3476 omnia
412 3435 504 3494 opera
518 3435 632 3478 eorum.
1156 3420 1251 3482 unite
1261 3420 1468 3481 tribulationes
1480 3419 1628 3479 iustorum
1640 3420 1693 3478 ¹'et
1701 3417 1738 3478 dc
1749 3415 1942 3478 hisomnibus

276 3507 867 3582 ltonsalrabiturrexpermultitudinem
878 3510 1067 3572 virtutissuas
1120 3511 1258 3571 liberabit
1267 3527 1319 3568 eos
1333 3510 1487 3568 Dominus.

242 3600 318 3652 'nco
332 3595 439 3666 gigans
453 3597 554 3656 salvus
568 3598 622 3657 erit
636 3597 668 3658 in
686 3599 875 3660 abundantis
886 3600 1067 3660 tortitudinis
1156 3600 1301 3659 Dominus
1313 3599 1443 3658 custodit
1454 3597 1558 3657 omnis
1572 3613 1644 3657 ossa
1655 3598 1786 3658 eorum·
1804 3599 1834 3655 et
1852 3607 1941 3654 unum

242 3698 314 3740 ⁸1¹OE·
1122 3703 1156 3748 ex
1171 3690 1212 3748 eis
1221 3705 1284 3747 non
1294 3693 1471 3748 conteretur.

278 3769 379 3830 Fallax
387 3785 483 3850 equus
496 3772 535 3831 ad
547 3776 674 3836 salutem
689 3786 706 3822 ³·
720 3778 751 3836 in
765 3777 954 3841 abundantia
965 3783 1067 3840 autem
1156 3782 1232 3838 ltors
1249 3783 1439 3854 peccatorum
1454 3777 1597 3852 pessima,
1609 3786 1625 3820 ·
1635 3779 1665 3836 ct
1682 3776 1735 3853 qui
1746 3775 1876 3836 odarum
1888 3773 1942 3832 ius-

241 3858 357 3920 vit'iuiis
368 3876 432 3918 aum
440 3875 502 3920 non
521 3863 576 3921 erit
589 3864 681 3922 uulua.
1120 3869 1185 3927 tum
1194 3867 1378 3943 delinquent.

276 3950 350 4049 licea
364 3947 444 4006 oculi
455 3951 571 4008 Domini
586 3967 677 4025 super
688 3953 904 4014 timentsscum
916 3957 1067 4016 retineas
1156 3957 1288 4016 Redimet
1301 3957 1445 4016 Dominus
1456 3956 1574 4015 animes
1588 3969 1743 4015 servorum
1755 3969 1881 4014 suorum
1891 3953 1906 3992 ⁸
1918 3950 1943 4006 et

241 4050 294 4108 qur
308 4039 431 4110 sperant
447 4037 479 4094 in
494 4038 787 4099 misericordiosius.
1120 4060 1184 4104 non
1197 4046 1382 4121 derelinquet
1395 4061 1501 4104 omnes
1513 4043 1698 4120 quisperant
1715 4045 1748 4103 in
1758 4059 1840 4102 eum.

279 4124 314 4179 ut
324 4123 563 4196 cripiatamorte
582 4128 700 4187 animas
712 4138 889 4188 eorumeet
900 4130 961 4190 alat
974 4131 1066 4190 cosin
1477 4134 1591 4194 lilllllv.

242 4211 334 4272 fame.
1371 4222 1509 4281 Psalmns
1520 4223 1578 4296 ipsi
1590 4221 1697 4280 David.

268 4301 388 4402 'Anima'
397 4306 499 4361 autem
510 4306 614 4363 nostre
626 4305 745 4378 patiens
756 4307 841 4366 estin
853 4309 981 4369 Domino
991 4291 1108 4386 qnoD
1159 4314 1232 4372 tna.
1252 4313 1310 4372 Dic
1323 4313 1428 4372 anime
1437 4326 1518 4378 mee,
1539 4313 1662 4370 Domine
1683 4310 1794 4370 :Salus
1818 4316 1871 4369 cce
1895 4321 1940 4382 epo

243 4403 328 4446 nram
340 4389 469 4463 adiutor,
482 4394 512 4450 et
527 4397 677 4467 protector
696 4398 797 4452 noster
811 4399 867 4467 est,
880 4407 896 4442 s
910 4403 939 4456 et
961 4399 1068 4473 inipso
1123 4417 1199 4459 scm.

244 4477 391 4579 letabitur
407 4495 459 4537 cor
478 4487 625 4548 nostrum,
643 4486 672 4541 et
692 4483 859 4544 innomine
881 4490 987 4546 sancto
1001 4487 1066 4546 eius
1159 4486 1271 4558 ludica,
1285 4488 1420 4556 Domine,
1430 4491 1572 4548 nocentes
1580 4503 1629 4546 me
1643 4490 1690 4545 ‘et
1698 4499 1841 4561 expugna
1850 4485 1940 4560 impu·

246 4581 446 4640 speravimus.
1125 4582 1251 4651 &names
1265 4594 1323 4635 me·

281 4657 352 4725 Fiat,
365 4657 501 4731 Domine,
518 4658 723 4721 misericordie
733 4664 784 4722 tna
795 4679 952 4739 supernos
965 4675 981 4711 ι
993 4665 1067 4726 sicut
1159 4667 1232 4742 [xrs]
1248 4663 1421 4739 Adpreende
1439 4681 1534 4736 arma,
1551 4669 1579 4724 et
1594 4667 1711 4724 scutum
1724 4671 1740 4705 ¹¹
1754 4667 1783 4722 et
1792 4661 1939 4736 exurgein

244 4747 433 4818 ⁸Deravlmus
444 4748 477 4804 in
489 4751 526 4805 te.
1124 4754 1306 4814 adiutorium
1321 4753 1406 4812 mihi.

596 4841 707 4903 xxxin.
1160 4843 1285 4900 Effunde
1301 4840 1425 4911 framea,
1439 4846 1467 4902 et
1482 4841 1629 4900 conclude
1645 4841 1794 4900 adversus
1810 4857 1873 4908 eos,
1896 4837 1941 4914 qui

243 4923 379 4982 Psalmus
391 4926 483 4985 David
494 4943 563 4986 cum
569 4928 738 4988 immutavit
745 4931 860 4991 vultum
869 4947 958 4989 suum
967 4946 1070 4990 coram
1124 4949 1173 4992 me
1183 4936 1378 5008 persecuntur
1392 4933 1407 4967 '¹
1421 4932 1471 4991 dic
1483 4933 1594 4992 animae
1608 4948 1682 4991 mom
1705 4949 1712 4989 :
1726 4931 1813 4991 Salus
1826 4937 1878 4990 tua
1891 4943 1941 5004 ego

360 5014 520 5090 abimelec,
537 5022 566 5076 et
578 5018 703 5078 immisit
720 5036 801 5090 cum,
815 5025 842 5078 et
854 5020 947 5079 dixit:
1125 5038 1204 5082 sum.

278 5104 353 5159 lna.
366 5104 558 5176 Mcpaificcte
574 5108 729 5166 &minum
737 5125 851 5167 mecum
863 5115 893 5168 et
905 5111 1071 5170 exaltemus
1161 5111 1397 5177 confundantur,
1414 5115 1442 5169 et
1466 5113 1658 5185 revereantur
1669 5108 1782 5168 inimici
1801 5108 1882 5166 mei*
1895 5103 1941 5180 qui

246 5205 353 5248 acmen
367 5193 429 5249 eius
447 5193 480 5249 tn
494 5209 599 5251 anum.
1125 5199 1404 5273 quarantenimam
1415 5215 1524 5257 meam.

281 5277 461 5338 Benedicam
482 5279 610 5339 Domino
622 5281 652 5340 in
669 5281 753 5340 omni
773 5286 907 5360 ternpore
919 5285 936 5324 ⁵
949 5303 1070 5374 semper
1159 5289 1338 5347 avertantur
1348 5293 1524 5359 retrorsum.
1538 5290 1567 5346 et
1576 5285 1799 5350 contundentur
1808 5288 1824 5323 ’
1833 5283 1884 5369 qul
1897 5297 1942 5346 ct-

247 5365 313 5429 laus
324 5367 388 5426 eius
399 5368 430 5426 in
442 5383 493 5426 ore
503 5381 580 5437 mco.
1125 5375 1218 5462 gitsnt
1228 5376 1302 5438 mihi
1318 5377 1409 5459 inda,
