4117 6175
114 238 162 295 tid
701 240 876 303 DOMINICA
894 241 907 299 1
925 238 1231 312 QUADRAGESIMAE.
1764 262 1815 319 ill

211 362 272 419 lias
284 361 362 434 ipse,
387 361 486 420 Cboos
514 369 691 424 aestuantem
713 367 844 426 murices
950 368 974 425 Α
1059 370 1168 430 Altaria
1182 389 1267 433 aram
1280 376 1364 449 quod
1381 376 1453 436 iacit
1483 379 1672 453 placabilem,

178 452 307 518 lenam
322 449 445 508 revulsa
454 449 624 525 dissipabat
630 452 727 513 fibula
1060 460 1145 527 Quod
1160 461 1336 523 dormientis
1351 466 1459 525 excitet
1473 467 1570 525 cordis
1582 468 1685 541 tidem,

175 542 315 599 Gemmas
326 537 469 608 virentes,
485 543 514 598 ct
538 541 654 615 lapillos
666 543 779 613 sutiles,
1059 546 1145 617 Quod
1154 550 1239 610 limat
1249 568 1361 625 aegram
1384 557 1520 629 corporis
1535 556 1699 618 libidinem.

170 628 290 700 insigna
299 625 408 685 ironiis
422 629 723 703 exuebatvinoulum,
1094 640 1204 712 Honor,
1228 646 1371 715 potestas,
1383 649 1437 704 etc.

173 716 262 791 Turpi
270 715 396 790 capillos
409 716 568 792 impeditos
593 721 728 799 pulvere.
1293 748 1373 789 saara
1387 749 1497 798 aurare.

211 805 320 863 Honor·
721 810 730 823 “
1001 871 1004 879 ,
1303 821 1494 881 AdNonum.

452 913 587 959 subatro.
1324 908 1470 981 Hymnus.

415 986 464 1043 Ad
479 986 614 1047 Scatone.
1092 994 1213 1053 Pertusa
1226 1010 1288 1054 uon
1304 997 1346 1054 sio
1360 1014 1450 1056 amne
1482 998 1607 1058 llamma
1635 1002 1815 1075 extinguitur

440 1076 591 1147 Hymnus.
1059 1082 1117 1139 Neo
1131 1082 1172 1139 sio
1191 1083 1305 1142 calante
1322 1086 1388 1145 Sole
1410 1087 1568 1145 tabescunt
1580 1088 1687 1159 nives;

208 1163 313 1221 Nullus
323 1163 459 1231 bibendi,
472 1179 564 1224 nemo
591 1168 734 1225 vescendi
752 1182 878 1233 memor,
1059 1170 1094 1226 Ut
1105 1169 1294 1231 turbidarum
1313 1174 1424 1232 scabra
1447 1175 1604 1249 culparum
1633 1192 1720 1247 seges

173 1252 284 1326 leiuna
299 1268 421 1313 mensas
430 1254 528 1329 pubes
543 1256 642 1314 omnis
668 1256 815 1331 liqrrerat:
1058 1260 1195 1319 Vanescit
1208 1261 1276 1319 alvo
1291 1262 1358 1321 trita
1377 1262 1435 1321 sub
1448 1264 1579 1337 ieiunio,

175 1340 410 1413 nmnetncgcto
428 1343 506 1401 laete
530 1344 716 1417 vagientium
1059 1344 1088 1403 Si
1105 1344 1348 1422 blandasemper
1366 1351 1528 1410 misceatur
1537 1352 1669 1423 largitas.

175 1429 258 1488 fletu
270 1430 448 1490 madescunt
460 1434 657 1506 parvulorum
672 1434 802 1504 cunule,
1093 1436 1142 1495 list
1155 1436 1269 1510 quippe
1283 1442 1311 1495 el
1320 1438 1395 1495 illud
1421 1440 1535 1511 grando
1559 1440 1676 1499 virtutis
1691 1456 1787 1513 genus
1804 1458 1811 1499 ε

171 1520 434 1595 suecampapillm
450 1536 545 1594 parca
567 1524 667 1581 nutrix
695 1523 835 1594 denegat.
1059 1524 1178 1598 operire
1204 1526 1327 1584 nudos:
1352 1526 1523 1601 indigentes
1541 1544 1684 1602 pascere:

205 1610 316 1680 Greges
325 1613 355 1667 et
367 1609 451 1683 ipsos
466 1610 579 1670 claudit
606 1610 818 1669 armentalium
1059 1614 1153 1687 Opem
1178 1613 1338 1687 benignam
1351 1615 1427 1673 terre
1442 1616 1701 1691 supplicantibus:

172 1697 275 1755 Solvas
286 1698 422 1756 visorium
433 1714 514 1766 oure,
527 1713 566 1756 ne
584 1715 696 1773 vagum
713 1716 806 1774 pecus
948 1722 970 1777 p
1058 1704 1164 1771 Uuam;
1175 1718 1339 1777 paremque
1359 1705 1446 1763 sortis
1479 1706 1621 1761 humanm
1643 1707 1742 1763 vicem

173 1785 330 1858 matingat
343 1802 396 1844 ors
409 1787 561 1846 rorulenta
588 1789 735 1859 gramina,
1058 1794 1295 1865 interpolantes,
1311 1796 1401 1866 atque
1421 1808 1532 1864 egenos
1553 1793 1662 1850 ducere
1679 1810 1686 1849 :

175 1874 279 1933 Potum
295 1876 454 1949 strepentis
464 1890 540 1934 neve
551 1875 644 1935 fontis
655 1876 784 1943 hauriat,
1095 1880 1170 1939 Satis
1181 1880 1287 1939 beatus
1301 1882 1430 1957 quisque
1452 1881 1590 1939 dextram
1603 1880 1741 1956 porrigit,

178 1965 421 2039 lacuisqnerelsr
443 1972 607 2040 personant
621 1966 819 2041 preesepibus.
1058 1968 1167 2027 Laudis
1191 1984 1333 2042 rapacem
1348 1970 1509 2043 prodigam
1521 1970 1669 2043 pecuniae,

208 2053 396 2120 ltollitusbis,
415 2059 444 2112 et
459 2053 578 2122 talibus,
590 2055 711 2114 brevem
726 2056 804 2113 Deus
1059 2057 1150 2131 Cujus
1164 2058 1284 2117 sinistra
1302 2058 1389 2117 dulce
1403 2058 1514 2118 lactum
1528 2058 1643 2116 neseiat
1662 2078 1669 2119 :

174 2146 250 2201 tram
268 2142 420 2215 relroeuat,
431 2148 603 2218 temperans
617 2143 784 2203 oraculum.
1059 2146 1146 2205 Illum
1160 2161 1307 2220 perennes
1321 2148 1457 2224 protinus
1472 2147 1624 2221 complent
1635 2162 1728 2222 opes;

174 2232 303 2305 Propere
319 2232 494 2291 sinistrum:
509 2247 608 2307 prona
632 2248 705 2291 nam
718 2232 876 2290 clementia
1059 2234 1196 2310 Dilatque
1209 2235 1322 2295 tructus
1337 2236 1533 2295 faenerantem
1550 2235 1720 2310 centuplex.

176 2319 261 2377 tiaud
273 2319 433 2379 dilticultar
449 2321 616 2395 supplicem
631 2321 804 2380 mortalium
1096 2326 1205 2395 Houor,
1220 2328 1360 2398 potestas,
1380 2324 1535 2401 plenitudo
1550 2324 1653 2397 gratim

177 2407 267 2466 Solvit
277 2414 407 2479 reatum,
424 2410 519 2484 dique
539 2408 651 2469 fautrix
680 2409 827 2468 tlentium.
1060 2415 1120 2472 ileo
1130 2414 1265 2487 perenni,
1279 2414 1407 2473 Trinitati
1422 2412 1562 2488 simplici,

212 2500 323 2570 Honor,
337 2502 479 2572 potestas.
1059 2501 1189 2569 AEterna,
1211 2502 1297 2574 cuius
1311 2508 1356 2560 est
1367 2504 1458 2561 beata
1470 2502 1575 2575 gloria,

411 2604 630 2647 ηεεεειευεεε
1060 2589 1163 2663 lteplet
1183 2590 1273 2661 globi,
1294 2606 1456 2665 rerumque
1473 2593 1581 2647 cuneta
1594 2590 1747 2661 maehina,

425 2676 471 2733 Aa
486 2676 616 2735 Nonam.
1061 2680 1210 2751 tenetque
1219 2693 1347 2749 reguum
1361 2677 1508 2752 perpetim
1520 2692 1571 2749 per
1581 2676 1700 2735 seacula.

443 2766 590 2837 Hymnus·
1096 2764 1201 2823 Amen.

214 2852 270 2911 Sed
280 2869 335 2911 eur
349 2858 472 2912 vetustte
482 2855 579 2926 gentis
602 2853 774 2929 exemplum
800 2852 936 2927 loquor?
1024 2854 1218 2927 supplicatio.
1229 2855 1365 2921 Oramus,
1379 2856 1411 2911 ut
1423 2866 1479 2909 nos
1496 2855 1601 2910 sancto
1613 2850 1727 2925 ieiunio
1738 2852 1817 2919 Qua·

181 2941 295 2999 Pridem
307 2942 431 2999 caducis
465 2958 535 3000 oum
550 2946 692 3014 gravatm
716 2941 841 2999 artubus
989 2942 1180 3015 dragesimae.
1195 2942 1253 3014 sol.
1269 2944 1330 3000 lta.

182 3032 270 3100 lesus,
282 3031 386 3091 dicato
402 3031 492 3090 corde
500 3032 681 3105 jeJunavsrit
695 3049 703 3101 3
949 3070 971 3129 c
1025 3033 1176 3108 capitulo.
1189 3030 1309 3092 Custodi
1319 3046 1386 3101 nos,
1404 3031 1531 3091 Domine
1545 3046 1564 3090 ε
1577 3030 1768 3104 generatione
1782 3030 1813 3090 in

182 3121 434 3196 Prenuneupatus
446 3137 499 3180 ore
508 3123 562 3196 qui
577 3121 752 3196 prophetico
987 3123 1162 3198 progeniem
1181 3143 1188 3180 ε
1203 3137 1259 3180 neo
1273 3137 1343 3180 cum
1371 3119 1680 3196 preasentivolvamur
1693 3120 1815 3194 saeculo,

179 3209 355 3268 Emmanuel
372 3214 429 3278 est,
440 3210 671 3268 sivenobiscum
686 3213 788 3268 beust
987 3213 1042 3287 qui
1054 3212 1180 3286 tuojam
1193 3211 1370 3270 inhaesimus
1388 3210 1595 3270 lundamenlo.
1612 3210 1670 3269 Sed
1681 3209 1817 3268 miseria·

209 3299 266 3366 Qui
280 3314 392 3372 corpus
402 3299 485 3356 istud
502 3299 592 3357 molle
606 3298 791 3369 naturaliter,
986 3318 1056 3360 rum
1069 3314 1242 3361 nostrarum
1252 3301 1538 3369 consolatorexurge
1550 3317 1557 3369 ;
1568 3301 1749 3371 etproventu
1766 3296 1817 3354 lae-

173 3391 365 3462 Gaptumque
385 3386 454 3446 laxo
471 3388 527 3446 sub
557 3387 745 3462 voluptatum
758 3387 844 3460 jugo,
987 3389 1060 3448 titire
1069 3403 1214 3447 moerores
1228 3393 1347 3446 nostros
1375 3387 1526 3458 absterge.

172 3475 290 3534 trectis
301 3476 461 3550 aremlege
474 3477 543 3535 lecit
556 3476 696 3545 liberum,
1022 3479 1109 3538 Pater
1120 3482 1230 3537 noster.
1255 3482 1279 3535 ll
1295 3477 1375 3534 mato
1390 3491 1446 3533 nos
1473 3473 1577 3531 libera.
1591 3473 1648 3544 sol.
1663 3474 1707 3540 ⁴0,
1721 3471 1815 3529 Bene·

178 3565 391 3638 Emancipator
406 3565 561 3623 servientis
581 3565 750 3640 plasmatis,
986 3568 1090 3626 dictio.
1103 3568 1208 3636 Quare
1218 3570 1250 3624 in
1264 3565 1360 3634 Nono,
1375 3563 1566 3636 predicitur
1579 3577 1630 3634 per·
1656 3566 1749 3619 totam
1761 3575 1815 3619 on-

173 3654 335 3726 Begnantis
348 3655 518 3712 anteriotor
533 3654 733 3728 etcupidinia.
986 3654 1321 3725 eamindiebusseriie.

207 3741 386 3817 inhospitali
406 3757 539 3817 namque
571 3747 703 3801 secretus
725 3742 804 3816 loco,
1326 3741 1370 3799 Ad
1381 3741 1502 3801 Sextum

174 3831 279 3899 Quinta
294 3831 403 3890 diebus
421 3831 514 3890 octies
542 3831 726 3898 labentibus,
1094 3835 1190 3894 Lectio
1203 3831 1382 3892 librilisaioe
1402 3831 1554 3904 Propheta
1570 3829 1653 3904 (Gap.
1670 3829 1706 3902 1).

172 3920 292 3979 Nudam
308 3920 448 3978 ciborum
480 3919 654 3980 vendicavit
678 3922 816 3994 gratiam,
1023 3937 1060 3998 p.
1083 3924 1144 3982 Deo
1156 3923 1281 3994 gratim.

173 4011 309 4068 Firmans
321 4009 445 4081 salubri,
467 4009 589 4078 scilieet,
603 4010 720 4083 jejunio
1022 4016 1091 4072 tlmc
1102 4011 1174 4070 dicit
1188 4011 1334 4070 Dominus
1350 4030 1356 4071 :
1373 4009 1490 4078 Audite,
1503 4008 1604 4068 audite
1616 4006 1743 4068 verbum
1756 4007 1813 4064 llo·

174 4097 421 4171 luuppetendis
437 4097 621 4156 imbecillum
645 4097 779 4171 gaudiis.
986 4095 1814 4174 minil’rineipessodomorum,parcipiteauribuslsgem

211 4188 319 4257 fl⁰ss⁰b
332 4192 481 4264 potessas·
987 4191 1038 4249 tlei
1049 4189 1285 4264 vestri,populus
1294 4187 1479 4248 Gomorrha.
1488 4185 1635 4255 Quomihi
1651 4183 1814 4244 multitudi-

409 4293 492 4335 rsara
505 4293 613 4336 assam.
986 4296 1056 4340 nem
1062 4279 1252 4338 victimarum
1257 4283 1436 4346 vestrarum,
1445 4276 1517 4335 dicit
1523 4274 1692 4335 Dominus?
1705 4273 1814 4348 plenus

415 4367 463 4424 Ad
472 4367 590 4426 Nnocm
987 4384 1056 4428 sum
1072 4367 1267 4430 :holocausta
1287 4366 1425 4433 arictum,
1440 4369 1469 4422 et
1495 4363 1616 4438 adipem
1644 4361 1812 4436 pinguium,

438 4455 584 4529 Hymnus.
947 4423 971 4480 D
987 4460 1017 4516 et
1029 4456 1210 4527 sanguinem
1220 4455 1393 4522 ritmorum,
1405 4459 1603 4526 stagnorum,
1617 4449 1812 4516 sthircorum,

208 4543 330 4604 Miratur
351 4544 448 4604 bostis
461 4560 551 4619 posse
561 4544 670 4604 limum
683 4545 823 4604 tabidum
986 4545 1083 4604 nolui.
1096 4543 1311 4603 cumveneritis
1324 4547 1393 4601 ante
1407 4547 1603 4617 conspectum
1615 4554 1729 4604 meum,
1744 4535 1814 4611 quis

174 4635 299 4692 ranmm
316 4633 431 4692 laboris
450 4635 610 4704 susbnere,
632 4649 667 4691 ac
687 4635 825 4708 perpeti.
987 4632 1194 4708 quastvtthoec
1210 4633 1247 4690 ds
1261 4629 1403 4691 manibus
1422 4625 1814 4696 vestris,utambularetisin

180 4722 407 4797 167ltxplorat
420 4727 483 4783 arte
497 4723 661 4782 sciscitator
673 4722 792 4782 callida.
988 4723 1070 4780 atriis
1081 4722 1155 4800 meis
1167 4720 1181 4777 i
1194 4736 1233 4778 ua
1247 4719 1380 4778 offeratis
1391 4718 1470 4776 ultra
1484 4717 1664 4776 sacrificium
1677 4715 1789 4771 trustra
1805 4729 1812 4770 z

178 4811 255 4870 usus
265 4827 306 4869 ne
315 4811 452 4870 menbris
460 4811 500 4870 sit
523 4815 661 4885 receptus
687 4813 818 4871 terreis:
989 4809 1146 4869 incensum
1158 4807 1344 4869 abominatio
1369 4811 1417 4866 est
1443 4805 1528 4864 mibi.
1547 4802 1751 4867 Neomeniam,
1787 4807 1816 4860 et

178 4899 244 4974 Sed,
254 4900 410 4975 increpata
422 4900 621 4975 frauda,post
631 4904 748 4973 tergum
758 4901 829 4959 ruit.
990 4899 1125 4968 sabbata,
1136 4901 1165 4956 et
1182 4897 1354 4956 testivitates
1367 4896 1440 4955 alias
1451 4910 1514 4954 non
1527 4891 1817 4966 ieram‚iniquisunt

210 4990 802 5064 llocnossequamur,quisquenuncpro
813 4987 936 5048 viribus
990 4991 1086 5046 emtus
1100 4987 1189 5046 vestri
1205 4985 1495 5051 :calendasvestras
1505 4982 1600 5042 odivit
1612 4981 1812 5042 auimamea:

178 5077 262 5145 Quod
273 5078 442 5138 consecrati
450 5081 484 5136 tu
499 5079 637 5152 ltagister
650 5078 807 5151 Dogmatis
990 5076 1072 5135 laeta
1081 5072 1680 5141 suntmihimolesta,laboravisustinans.
1694 5073 1729 5130 Et
1745 5086 1815 5130 oum

175 5167 242 5224 luis
255 5165 380 5235 dedisti,
409 5167 534 5235 cbristo,
567 5165 768 5225 sectatoribus
784 5183 793 5226 a
991 5163 1181 5224 extenderitis
1195 5179 1303 5220 manus
1316 5167 1440 5231 vestras,
1454 5165 1590 5221 avertam
1614 5161 1718 5221 oculos
1732 5167 1814 5215 meos

177 5256 220 5324 tlt,
233 5255 444 5314 cumrorandi
472 5254 758 5320 riceritlibidinem‚
991 5251 1734 5328 avobisetcummultiplieaveritisorationem,non
1758 5259 1814 5339 au·

176 5343 245 5402 Late
256 5344 420 5418 triumphet
453 5345 622 5419 imperator
645 5343 776 5417 spiritus.
990 5340 1664 5418 diamzmanusvestrresanguineplenaesunt.
1677 5337 1814 5392 taramr-

212 5435 273 5492 tloo
288 5438 346 5503 est,
362 5433 446 5506 quod
467 5434 523 5492 atri
535 5433 611 5491 livor
628 5431 727 5490 hostis
751 5432 867 5492 invidet
990 5433 1033 5504 ni,
1047 5431 1152 5490 mundi
1165 5435 1260 5490 estote
1282 5431 1383 5492 aufere
1400 5431 1514 5491 malum
1541 5423 1755 5497 cogitationum
1767 5433 1816 5476 re-

178 5521 290 5593 landi,
300 5521 426 5597 Poliqus
437 5522 522 5598 quod
547 5519 732 5593 gubernator
745 5522 865 5598 probat,
993 5525 1125 5584 utrarum
1139 5520 1178 5581 ab
1190 5521 1285 5580 oeulis
1298 5522 1396 5582 meis:
1412 5515 1553 5596 quiescite
1566 5523 1816 5587 agersperverse,

1799 6088 1907 6138 -
