4117 6175
90 173 135 232 stt
808 173 1052 243 PSALTERIUM.
1416 186 1422 197 '
1729 190 1782 257 tta

155 385 162 398 ἢ
316 388 322 401 Ι
406 303 595 403 Dtcpsolma.
919 308 1093 406 Aanimam
1105 311 1352 369 meam'salvum
1365 313 1784 391 mciacproptermisericor-

119 388 223 445 Scitote
231 404 376 461 quoniam
389 391 596 463 magnificabit
608 391 752 451 Dominus
767 399 906 453 sanctum
958 396 1042 453 mam
1056 402 1149 454 tuam

85 492 172 534 suum
185 495 192 534 ι
205 477 218 503 ·
232 477 377 536 Dominus
387 479 526 537 exaudiet
535 495 584 538 me
596 481 670 537 dum
681 481 853 541 clamabero
865 485 906 541 ad
994 485 1146 551 Quoniam
1159 501 1221 542 non
1233 489 1277 544 est
1288 486 1429 561 inmorta,
1441 489 1495 563 qui
1503 506 1618 551 memor
1628 494 1663 552 sit
1676 496 1719 553 tui
1730 496 1743 519 *
1751 496 1783 553 in

85 580 162 621 eum.
958 571 1075 630 interno
1090 579 1190 630 autem
1199 574 1268 647 quis
1279 575 1466 633 confitebitur
1485 578 1559 636 tibi?

118 651 291 721 Irascimini,
307 658 337 711 ct
361 654 452 712 nolite
478 672 604 730 peccare
613 675 621 729 ;
635 658 648 683 ·
670 675 738 732 quis
767 658 861 716 dicitis
874 659 907 715 in
994 660 1181 720 Laborabiin
1193 662 1305 732 gemitu
1312 678 1391 729 meo,
1401 664 1513 723 lababo
1526 681 1580 739 per
1589 667 1722 739 singulas
1730 686 1784 729 no·

86 741 223 799 cordibus
236 742 353 812 vestris,
373 747 402 802 et
413 743 444 801 in
455 745 605 803 eubilibus
614 747 720 804 vestris
730 748 908 823 compungi·
959 754 1020 808 etes
1034 751 1145 810 lactum
1159 752 1415 809 meum'lacrimis
1423 758 1548 812 stratum
1556 772 1659 815 meum
1668 758 1783 830 rigabo.

88 829 170 887 mini.
993 838 1140 898 Turbatus
1148 844 1192 896 est
1205 854 1267 913 pru
1281 840 1326 897 ira
1339 842 1444 899 oculus
1455 858 1541 901 meus
1551 844 1730 905 *inveterabi
1740 847 1785 905 in·

399 921 585 994 Dtbpselmu.
959 928 1267 989 teromnesinimicos
1281 944 1376 986 meos.

122 1006 287 1065 sacrificate
297 1007 479 1068 sacrificium
493 1010 620 1078 iustitie,
637 1016 666 1069 et
675 1014 793 1085 sperate
805 1012 836 1070 in
850 1012 907 1069 Do·
995 1014 1220 1072 Discediteams
1231 1031 1336 1073 omnes
1346 1016 1399 1089 qui
1408 1020 1573 1092 operamini
1579 1021 1782 1095 iniquitatem:
1798 1048 1800 1051 ·

88 1095 172 1162 nino,
187 1096 198 1119 '
212 1096 291 1154 btulti
299 1094 413 1169 dicunt,
427 1099 496 1172 quis
509 1100 638 1157 ostendit
649 1100 738 1158 nobis
747 1101 854 1159 bonai
959 1104 1103 1176 quoniam
1114 1102 1267 1167 exaudibit
1275 1106 1419 1163 Dominus
1429 1122 1534 1165 vocem
1544 1109 1631 1167 fletus
1645 1112 1704 1167 mci
1714 1112 1724 1135 ·
1736 1127 1785 1169 ex·

121 1184 325 1253 signatumest
333 1200 424 1260 super
432 1202 489 1244 nos
499 1187 601 1247 tumen
609 1189 756 1247 vultustui
765 1188 907 1248 Domine*
959 1190 1076 1249 audibit
1089 1190 1483 1265 Dominusdepreeationem
1495 1212 1597 1255 meam
1613 1215 1620 1254 ε
1639 1199 1785 1257 Dominus

89 1271 192 1328 dedisti
201 1271 336 1330 lautitiam
349 1273 382 1329 in
396 1268 487 1332 corda'
498 1291 577 1334 meo.
959 1279 1123 1336 orationem
1138 1295 1238 1339 meam
1251 1282 1391 1355 suscepit.

120 1363 142 1415 Α
157 1364 290 1433 tempore
301 1362 453 1436 bumasti
472 1362 543 1431 vini,
559 1368 588 1423 et
601 1364 656 1422 olei
678 1364 726 1422 sui
739 1365 750 1388 *
763 1364 907 1439 multipli·
994 1365 1219 1435 Erubescant‚oi
1227 1368 1450 1427 contundantur
1461 1386 1567 1429 omnes
1579 1373 1692 1432 inimici
1699 1375 1760 1433 mei
1772 1376 1784 1399 ·

90 1448 144 1505 cati
153 1452 234 1507 sunt.
960 1457 1784 1528 avertanturretrorsun,etooniundeuturvaldevelociter.

123 1535 284 1608 lopecein
306 1536 441 1611 idipsum
465 1539 626 1607 dormiam.
653 1544 682 1599 et
702 1542 908 1615 reqrrieseam‘
1344 1564 1401 1619 vn,

91 1623 228 1696 quoniam
241 1628 282 1692 ιιι,
300 1626 436 1699 Domine,
451 1627 639 1702 singulariter
651 1628 683 1688 in
692 1645 748 1703 sps
758 1629 909 1689 constitui·

91 1710 191 1769 nime·
925 1687 949 1742 g
996 1668 1134 1727 Psalmus
1143 1667 1247 1737 David,
1256 1683 1347 1742 quem
1355 1670 1483 1728 canebat
1491 1672 1619 1731 Domino
1628 1673 1787 1746 proverbia

1240 1756 1309 1814 cusi
1320 1756 1373 1813 filii
1386 1758 1509 1829 gemini.

478 1825 511 1881 V·
997 1850 1071 1903 sna.
1087 1846 1202 1903 lustum
1211 1845 1391 1903 adiutorium
1403 1849 1788 1924 mcumcDomiuo,qutsul-

154 1924 259 1982 Victori
270 1940 325 1999 pro
339 1926 566 1986 hereditatibus.
580 1929 736 1987 Canticum
749 1930 855 1989 David.
962 1951 1012 1995 sos
1021 1935 1098 2006 fucit
1112 1939 1205 1993 rectos
1218 1934 1316 1991 corde.

120 2014 194 2071 Ana.
209 2014 293 2070 Mane
306 2016 448 2073 exaudies
462 2032 558 2074 uocem
571 2033 664 2077 meum
677 2018 798 2078 Domine
808 2037 816 2076 :
825 2035 910 2077 mccc
996 2023 1122 2080 Domine
1136 2024 1214 2079 Deus
1229 2038 1315 2079 meus
1329 2022 1360 2079 in
1374 2025 1402 2080 te
1413 2023 1553 2097 sperabi·
1564 2023 1659 2084 bbere
1682 2041 1731 2083 me
1748 2025 1789 2084 ab

89 2103 288 2172 sustuleritis,
304 2109 333 2162 et
342 2105 470 2162 adorabo
484 2110 523 2165 te.
961 2110 1105 2170 omnibus
1114 2109 1365 2184 persequentibus
1378 2127 1438 2177 mc,
1456 2111 1573 2185 eteripe
1587 2128 1646 2170 me.

120 2190 216 2249 Verba
222 2207 291 2250 mea
301 2193 425 2250 auribus
433 2194 703 2267 percipe,Domine‚
711 2196 840 2272 inteDige
852 2196 910 2254 cla·
998 2204 1040 2257 tte
1057 2199 1181 2273 quando
1195 2198 1301 2271 rapiet,
1317 2202 1348 2255 ut
1359 2198 1416 2267 leo,
1437 2200 1571 2257 animam
1584 2216 1685 2259 meam
1694 2202 1705 2225 *
1715 2201 1789 2261 dum

89 2296 202 2339 morem
215 2281 471 2341 mcum'intende
482 2283 701 2343 sociorationis
716 2300 801 2352 meae.
963 2303 1026 2348 non
1045 2292 1098 2360 est,
1115 2286 1186 2359 quid
1198 2286 1335 2353 redimat,
1358 2302 1457 2360 neque
1476 2288 1529 2361 qui
1549 2288 1665 2347 salvum
1688 2290 1788 2349 iaciat.

123 2372 184 2427 Rex
192 2385 290 2438 mens,
303 2374 333 2429 et
345 2371 423 2429 Deus
435 2387 521 2429 meus
534 2372 544 2393 ⁶
556 2372 703 2447 quoniam
717 2375 756 2433 ad
765 2380 794 2432 te
805 2374 910 2442 orabo,
1000 2376 1055 2451 [ιιι]
1067 2376 1201 2441 Domine,
1218 2378 1295 2433 Deus
1309 2390 1396 2433 meus
1412 2376 1438 2432 si
1450 2375 1506 2434 feci
1522 2376 1602 2435 istud
1622 2396 1630 2437 ε
1648 2378 1672 2435 si
1686 2378 1791 2437 setini·

90 2458 221 2515 Domine.
965 2465 1065 2539 quites
1078 2463 1110 2520 in
1125 2463 1268 2521 manibus
1278 2463 1373 2531 meis;
1392 2464 1417 2519 si
1430 2463 1548 2521 reddidi
1558 2462 1792 2525 retribuentibus

119 2550 202 2606 banc
225 2547 367 2605 exaudies
382 2564 491 2606 vocem
515 2564 616 2609 meam
642 2552 650 2569 ¹
673 2566 763 2610 mane
784 2550 913 2609 adstabo
966 2551 1127 2611 mihimala
1140 2550 1673 2611 ·decidammoritoabioimicismsis
1682 2554 1792 2614 inanis.

86 2635 146 2701 tibi,
161 2640 191 2693 et
202 2635 314 2694 videbo
324 2640 363 2693 ts.
1001 2640 1200 2712 Persequatur
1213 2638 1352 2695 inimicus
1361 2637 1495 2696 animam
1501 2654 1610 2705 meam,
1621 2645 1792 2715 etoompre·

118 2725 269 2792 Quoniam
281 2724 847 2801 tuesDeusnolensiniquitatem'non
858 2728 913 2785 hs·
966 2728 1057 2786 sudat
1071 2742 1150 2793 eam,
1165 2730 1194 2783 ct
1209 2724 1406 2782 conculcatio
1421 2727 1498 2783 terra
1511 2727 1604 2783 vitam
1631 2730 1793 2787 meam'et

84 2812 190 2870 bitabit
212 2813 299 2884 juxta
329 2817 358 2871 te
383 2812 544 2886 malignus.
575 2830 674 2888 neque
694 2813 914 2890 permanebunt
965 2814 1093 2891 glorim
1104 2814 1248 2872 meemin
1261 2812 1416 2886 pulsarem
1429 2813 1569 2871 deducat.

84 2901 186 2974 injusti
199 2906 268 2959 ante
282 2902 387 2960 oculos
400 2907 478 2961 tuos.
1287 2901 1469 2973 Diupsulmu.
1783 2958 1784 2961 ,

117 2990 211 3047 Qdisti
226 2990 351 3048 Domine
361 3005 479 3063 omnes,
491 2992 544 3066 qui
554 2995 716 3065 operantur
724 2992 913 3066 iniquitatem
931 3030 952 3088 G
1002 2993 1117 3062 Exurge
1130 2988 1256 3048 Domine
1271 2988 1302 3045 in
1314 2987 1359 3047 ira
1368 2993 1421 3049 tua
1433 2989 1445 3012 '
1455 2991 1484 3047 et
1497 2987 1628 3047 exaltare
1642 2989 1792 3053 infinibus

83 3078 214 3152 ‘perdes
226 3093 287 3149 eos,
301 3078 354 3153 qui
367 3078 507 3137 locuntur
518 3079 721 3139 mendacium.
967 3079 1297 3138 inimicorumtuorum.

116 3167 220 3224 Virum
228 3167 421 3240 oengusum,
434 3173 463 3226 et
472 3168 610 3226 dolosum
619 3169 806 3227 abominabit
815 3169 915 3227 Domi·
1004 3171 1121 3240 Exurge
1143 3165 1268 3224 Domine
1282 3167 1360 3223 Deus
1377 3181 1464 3224 meus
1485 3166 1516 3224 in
1536 3172 1694 3242 praecepto,
1710 3169 1795 3242 quod

83 3271 140 3312 nus
156 3273 163 3312 :
180 3270 238 3326 ego
256 3261 358 3312 autem
380 3258 411 3312 in
427 3256 617 3315 multitudine
632 3257 842 3316 misericordiae
855 3262 915 3315 tuae
970 3257 1137 3318 mandasti:
1150 3259 1179 3314 et
1191 3256 1337 3328 sinagoga
1351 3255 1533 3329 populorum
1543 3256 1794 3316 circumdabittc*

86 3343 225 3415 sperabo.
238 3342 250 3366 ·
268 3344 400 3402 introibo
414 3345 446 3402 in
465 3343 593 3402 domum
605 3349 686 3403 tuam
703 3364 710 3402 ε
727 3345 862 3404 adorabo
876 3343 917 3402 ad
970 3352 999 3404 et
1012 3350 1134 3419 propter
1145 3345 1224 3402 banc
1235 3343 1267 3400 in
1281 3342 1375 3401 altum
1385 3343 1549 3416 regredere,
1569 3343 1704 3401 Domine.

86 3431 232 3504 templum
243 3435 377 3491 sanetum
391 3436 479 3490 tuum
497 3432 530 3490 in
545 3432 650 3491 timore
664 3438 727 3491 tuo.
1005 3434 1112 3492 ludica
1125 3431 1255 3506 populos
1264 3450 1271 3490 :
1281 3429 1386 3503 Judiea
1397 3446 1455 3499 me,
1470 3430 1607 3496 Domine,
1616 3430 1737 3488 salbum
1745 3446 1794 3489 me

120 3520 248 3578 Domine
259 3520 452 3580 deducmein
462 3522 579 3594 justitia
589 3527 641 3580 tua
651 3525 769 3596 propter
777 3521 916 3580 inimicos
970 3522 1018 3581 iac
1028 3518 1344 3580 secundumiustitiam
1356 3535 1456 3577 meam
1468 3519 1480 3542 *
1490 3523 1519 3576 et
1532 3519 1700 3578 secundum
1709 3520 1795 3580 inno

85 3625 170 3666 meos
181 3611 194 3634 ·
207 3608 302 3681 dirige
316 3608 519 3684 inconspectu
529 3615 580 3668 tuo
597 3611 678 3669 viam
697 3627 808 3668 meam.
971 3611 1100 3670 centiam
1109 3623 1258 3668 manuum
1273 3622 1409 3664 mearum
1424 3622 1515 3680 super
1533 3622 1596 3667 me.

120 3697 272 3764 Quoniam
282 3713 344 3757 non
354 3699 436 3757 estin
445 3714 609 3758 urceorum
618 3700 727 3759 veritas
736 3702 803 3760 'cor
813 3715 918 3759 eorum
1007 3700 1239 3759 consummetur
1259 3696 1394 3769 nequitia
1408 3699 1617 3769 peccatorum
1631 3698 1640 3716 ¹
1654 3701 1683 3756 et
1701 3696 1796 3770 dirige

84 3802 202 3845 vanum
217 3792 272 3845 est.
971 3790 1084 3847 iustum
1102 3789 1240 3843 scrutans
1252 3783 1354 3851 corda,
1367 3788 1396 3842 et
1407 3799 1495 3842 renes
1510 3785 1600 3842 Deus.

120 3876 301 3950 Sepulcrum
325 3883 432 3951 patens
464 3880 510 3936 cst
536 3881 638 3950 guttur
654 3894 758 3937 eorum
780 3878 789 3898 '
809 3877 919 3951 linguis
1007 3880 1121 3934 lustum
1136 3873 1320 3947 adiutorium
1333 3875 1601 3934 meumsDomino
1615 3873 1796 3949 'quisalvos

84 3963 150 4022 suis
164 3964 275 4023 dolose
289 3965 429 4038 agebant.
972 3964 1147 4025 iacitrectos
1165 3961 1264 4022 corde.

123 4052 305 4112 tudicaillos
319 4056 397 4112 Deus
410 4053 918 4127 *decidantacogitationibussuis.
1008 4056 1087 4111 Deus
1098 4051 1190 4110 iudex
1206 4052 1316 4124 jndae,
1336 4051 1434 4120 tortis,
1455 4055 1483 4112 et
1503 4053 1621 4126 patiens
1632 4052 1643 4076 ·
1656 4049 1797 4124 nunquid

119 4142 295 4203 Secundum
315 4143 535 4201 multitudinem
553 4144 740 4218 impietatum
760 4158 921 4202 eorumex·
972 4143 1109 4202 irascitur
1121 4156 1174 4214 per
1189 4140 1324 4212 singulos
1338 4141 1427 4199 diesi

82 4233 163 4306 pelle
178 4247 233 4289 eos
246 4234 257 4256 ·
271 4233 414 4307 quoniam
428 4232 682 4292 exacerbaberunt
697 4237 735 4301 te,
747 4233 884 4291 Domine.
1008 4230 1070 4290 Nisi
1079 4229 1304 4301 convertamini,
1319 4229 1455 4302 gladium
1468 4245 1558 4288 suum
1571 4227 1699 4288 vibrabit
1718 4229 1729 4252 ⁶
1752 4243 1799 4286 ar·

121 4322 276 4379 Latentur
290 4337 405 4388 omnes,
421 4321 474 4394 qui
493 4326 616 4395 sperant
626 4323 657 4380 in
673 4325 701 4380 te
712 4339 719 4378 ε
730 4321 762 4379 in
774 4326 919 4380 aeternum
934 4337 1150 4432 1,cumanum
1171 4320 1298 4391 tetendit,
1312 4325 1340 4378 st
1354 4321 1471 4395 paravit
1489 4320 1584 4378 illum.

83 4409 274 4476 exultabunt,
284 4414 313 4466 et
321 4409 503 4468 inhabitabis
515 4409 547 4467 in
561 4409 624 4467 eis*
635 4413 665 4468 et
674 4410 882 4483 gloriabuntur
889 4410 921 4467 in
1010 4415 1044 4468 st
1059 4411 1091 4466 in
1104 4409 1269 4483 separavit
1287 4423 1364 4467 vasa
1373 4409 1484 4482 ¹mortis
1499 4409 1509 4432 *
1525 4408 1648 4480 sagittas
1661 4423 1734 4466 suus
1753 4422 1799 4466 ar·

84 4503 115 4556 te
128 4513 253 4566 omnes,
267 4498 320 4571 qui
338 4495 466 4569 diligunt
480 4513 593 4556 nomen
604 4501 699 4557 tuum.
974 4502 1078 4560 dentes
1092 4498 1197 4557 effecit.

123 4585 457 4654 QuoniamtuDomine,
464 4586 625 4645 benedices
628 4587 920 4660 justum:·oomine,
1010 4593 1083 4647 Ecce
1095 4588 1223 4663 parturit
1236 4585 1357 4645 iniustis
1371 4586 1380 4604 '
1393 4584 1530 4660 concepit
1547 4586 1684 4646 dolorem
1696 4590 1726 4644 ot
1748 4599 1800 4658 pe·

82 4680 119 4735 ut
135 4679 262 4734 scutum
278 4673 368 4733 bonu
381 4673 544 4734 voluntatis
558 4680 617 4734 tuae
636 4677 787 4736 coronasti
801 4694 867 4737 nos.
975 4678 1052 4752 perit
1065 4675 1263 4750 iniquitatem.

486 4767 533 4823 vt.
1011 4770 1122 4826 Lacum
1133 4763 1473 4838 aperrubatioditeum·
1484 4760 1800 4832 stiociditiniobeam,

120 4853 237 4912 Victori
250 4853 283 4910 in
289 4852 414 4925 psalmis
428 4868 518 4926 super
526 4853 645 4913 octaba.
653 4854 807 4913 danicum
817 4854 921 4913 David.
975 4870 1070 4929 quam
1084 4858 1225 4929 operatus
1241 4857 1295 4912 est.

119 4945 204 5002 Ana.
216 4941 262 5001 Ne
271 4943 304 4999 ιιι
318 4943 367 5001 ira
381 4947 434 5000 tue
445 4957 558 5015 arguas
572 4957 628 5011 me,
645 4944 780 5001 Domine.
1012 4943 1198 5002 Convertitur
1211 4943 1299 5000 dolor
1311 4943 1375 5000 eius
1393 4940 1426 4999 in
1442 4940 1539 5017 capite
1553 4938 1639 4998 eius'
1653 4944 1682 4996 ot
1695 4938 1803 5012 inicui-

118 5031 254 5089 Domine
264 5048 305 5089 ne
315 5031 581 5105 iniretuaarguas
592 5033 770 5106 mc‘neque
781 5031 813 5089 in
823 5031 924 5090 tumre
977 5036 1022 5092 tas
1037 5031 1101 5090 eius
1113 5032 1144 5090 in
1157 5032 1266 5088 vertice
1278 5030 1372 5104 ipsius
1388 5029 1554 5089 descendit.

77 5124 139 5179 tuo
150 5119 300 5192 corripias
312 5135 373 5176 me.
1013 5119 1182 5179 Gonfitcbor
1194 5119 1322 5178 Domino
1332 5119 1500 5178 secundum
1512 5116 1656 5178 iustitiam
1673 5115 1758 5174 eius*
1773 5117 1803 5174 et

117 5211 265 5268 Miserere
278 5208 350 5278 mei,
363 5207 499 5280 Domine,
512 5210 659 5285 qnoniam
672 5209 813 5268 infirmus
832 5225 901 5268 sum
912 5211 924 5236 ¹
977 5210 1106 5284 psallam
1117 5208 1233 5267 nomini
1245 5207 1364 5266 Domini
1373 5207 1512 5267 altissimi

80 5315 170 5357 sana
181 5313 245 5365 me,
259 5297 393 5356 Domine.
1360 5299 1430 5356 Vlll.

119 5389 280 5455 Quoniam
292 5387 412 5447 turbata
430 5391 501 5448 sunt
513 5403 585 5450 ossa
597 5388 686 5449 mea'
700 5391 729 5448 et
742 5389 846 5450 anima
856 5404 926 5449 mea
1049 5387 1083 5444 tn
1094 5385 1186 5443 tinem
1194 5400 1251 5459 pro
1263 5385 1463 5446 torcularibus
1476 5385 1611 5444 Psalmus
1624 5382 1730 5443 baud.

78 5478 219 5536 turbata
228 5480 273 5535 est
283 5475 382 5536 valde.
1014 5479 1090 5534 dna·
1104 5475 1380 5546 Quomodmtsstits
1392 5470 1801 5550 estuomostuttmfflumius,

120 5568 162 5628 Et
175 5569 222 5644 tu,
244 5565 382 5642 Ιιοιιιιιιο,
406 5580 566 5644 usquequo
584 5571 766 5641 conrnune,
791 5571 822 5628 st
844 5568 926 5643 eripe
980 5567 1258 5630 iconismatum.
