4117 6175
132 225 187 282 mc
716 210 1271 285 ncumrcervcuannacusmn.
1527 266 1530 275 .
1791 237 1845 299 ,ω

135 349 225 424 205
233 346 431 423 etcpereejus
437 345 753 415 comunisuntvctds,
761 339 967 419 Etposuiteni·
980 338 1005 397 A
1019 340 1157 402 verbium
1166 358 1174 401 τ
1184 344 1262 407 Num
1269 353 1299 408 et
1315 348 1387 409 Saul
1400 350 1478 411 inter
1486 352 1649 428 prophetas
1660 357 1675 416 i
1687 356 1769 435 (ticp.
1782 363 1846 435 xx.)

132 437 552 509 mamsueminmanutna,et
565 433 968 511 percussitl‘hilisthaecm,et
1020 424 1213 502 Fugiteutem
1223 438 1842 526 DaviddeNaiolh,quueratinltamaths,
1873 448 1875 456 “

131 527 342 586 iecitDcminus
349 526 467 584 salutm
474 542 604 598 magnam
612 525 747 585 universo
756 520 965 588 lsraelsvidisti,
1019 518 1204 598 veniensque
1217 526 1335 587 locutus
1348 532 1396 588 est
1407 528 1661 593 ccrsmtonetna:
1678 538 1755 605 Quid
1763 538 1843 599 iecit

135 619 282 675 attestatus
291 633 332 673 ss.
343 613 674 689 Quereergcpeccasin
683 609 967 693 sanguineinnoxic‚
1021 620 1089 675 uum
1099 612 1380 690 estiniquitasmea,
1393 618 1515 693 siquod
1526 626 1684 694 peecatum
1698 642 1799 687 meum
1810 629 1843 688 in

135 706 315 765 interficiens
323 704 429 773 David,
439 704 493 780 qui
503 709 549 761 est
558 703 675 778 absque
684 700 967 777 eulpatQucdeum
1019 699 1845 782 patremtuum,quiaqumritcnimammeamionidixit

139 795 273 853 audisset
279 794 359 862 Saul,
368 795 506 868 placatus
516 808 590 851 voce
597 792 742 861 loccha,
748 791 861 865 juravit
872 807 879 845 ε
891 786 969 846 Vivit
1019 782 1047 839 ei
1062 801 1069 841 :
1089 788 1183 862 Absit,
1197 807 1259 853 non
1274 794 1432 855 moriaris:
1448 812 1547 873 neque
1565 798 1647 858 enim
1660 800 1749 859 iaeiet
1760 808 1844 875 pater

140 884 297 953 Dominus,
307 884 451 957 quianon
462 882 623 941 occidetur.
639 877 967 953 Vocarililaquelona·
1018 878 1455 957 meusquiequamlgrandevcl
1466 900 1604 959 parrum,
1615 886 1844 963 nisippiusindi.

139 972 208 1030 thas
218 971 312 1029 Devid
325 982 355 1029 ct
367 970 513 1029 indicavit
522 970 551 1027 ei
562 968 668 1027 omnia
676 967 772 1027 verba
781 968 845 1025 hac
859 983 866 1025 :
879 974 908 1024 et
921 964 966 1023 in·
1018 964 1130 1024 caverit
1137 968 1213 1027 mihi
1229 971 1329 1031 :hune
1340 988 1413 1047 ergo
1424 974 1531 1034 celavit
1539 978 1625 1049 peter
1633 992 1720 1036 meus
1732 994 1846 1041 sermo·

138 1059 420 1119 roduntrcnsthes
432 1058 527 1117 David
541 1060 580 1117 cd
592 1060 676 1126 Saul,
691 1056 788 1115 elicit
801 1060 963 1122 antaeum,
1018 1060 1090 1107 nem
1109 1070 1158 1112 me
1173 1061 1383 1121 tantummodo
1397 1065 1411 1117 t
1424 1076 1618 1137 nequaquem
1630 1064 1685 1124 erit
1697 1066 1787 1125 istud.
1809 1070 1845 1131 ut

138 1148 393 1207 acutiumatheri
404 1152 435 1207 et
446 1145 674 1205 nudiustertius.
688 1148 800 1204 lictum
808 1149 853 1202 est
863 1148 964 1203 nutem
1015 1140 1128 1213 iuravit
1139 1160 1259 1207 rursum
1268 1150 1383 1209 Davidi.
1399 1152 1434 1211 nt
1446 1150 1545 1211 illeait
1560 1169 1568 1209 :
1584 1154 1643 1213 scit
1650 1155 1784 1227 proiecto
1791 1170 1844 1231 pa·

137 1253 257 1295 rursum
269 1236 386 1295 bellem
400 1254 408 1293 ε
423 1240 453 1294 et
477 1250 618 1308 egressus
632 1233 738 1299 David,
754 1231 901 1307 pugnavit
913 1230 965 1289 ad·
1018 1234 1061 1289 ter
1071 1235 1151 1301 tuus,
1162 1236 1235 1309 quia
1246 1238 1626 1311 invenigratiemlncculis
1637 1243 1705 1311 tuis,
1715 1244 1842 1305 stdieilt

137 1342 243 1384 versus
282 1322 463 1383 Philisthiim
498 1341 506 1381 τ
538 1322 747 1398 percussitque
777 1337 832 1380 eos
862 1322 964 1396 plage·
1016 1320 1692 1400 Nesciethoclonathas,neiortecontristetur.
1708 1332 1843 1401 omnimo

137 1420 290 1487 magnaei
303 1413 482 1487 lugierunte
493 1412 568 1471 iacis
580 1412 657 1484 eius.
670 1414 703 1467 lit
715 1410 815 1470 iactus
825 1414 870 1467 est
880 1408 965 1483 spiri·
1017 1409 1089 1467 vivit
1104 1414 1255 1483 Dominus,
1265 1420 1294 1474 et
1304 1416 1377 1475 vivit
1385 1418 1552 1487 animatus,
1565 1417 1640 1494 qnia
1652 1434 1714 1479 unc
1725 1425 1843 1483 unium

138 1510 185 1562 tus
193 1503 314 1563 Domini
320 1502 423 1561 melus
436 1501 468 1559 in
479 1500 551 1560 Seul
564 1518 572 1560 r
584 1499 819 1559 sedebatautem
828 1498 859 1555 in
871 1497 964 1556 domo
1017 1497 1061 1570 (ul
1070 1498 1449 1579 itaquedicamlgrudu,egc
1456 1522 1589 1581 morsque
1599 1506 1845 1571 dividimurAEtall

136 1609 201 1659 sue,
224 1598 254 1651 et
276 1592 397 1651 enecet
420 1591 560 1651 lanceam
577 1606 692 1665 :porro
707 1589 802 1647 David
816 1588 964 1663 psallebat
1015 1590 1846 1671 lonathasadlinvid:Quodcumquedixerilmihieuime

136 1683 168 1741 in
179 1698 271 1740 manu
285 1698 352 1739 sus.
367 1681 514 1755 Nisusque
527 1684 572 1739 est
582 1679 653 1738 Saul
665 1678 814 1750 contigere
825 1678 963 1737 lanceam
979 1684 1002 1741 Β
1016 1680 1078 1745 tua,
1087 1680 1197 1739 luciam
1211 1682 1274 1742 tibi.
1295 1683 1370 1743 Dixit
1384 1688 1486 1745 autem
1500 1686 1595 1745 David
1614 1688 1654 1745 ad
1667 1689 1819 1749 lonathan
1835 1706 1844 1749 r

138 1770 233 1829 David
244 1772 276 1829 in
287 1769 406 1844 parieta
422 1775 451 1827 et
461 1768 621 1833 declinavit
630 1785 648 1828 a
657 1767 732 1827 facie
747 1766 819 1825 Saul
834 1783 841 1823 :
857 1768 964 1827 lancee
1016 1770 1091 1829 lices
1105 1770 1238 1829 calenda
1252 1777 1324 1833 sunt
1336 1774 1477 1846 crastino,
1488 1778 1518 1833 et
1529 1789 1586 1846 ego
1597 1787 1635 1833 ex
1646 1790 1730 1835 more
1739 1777 1844 1837 sedere

139 1866 243 1919 eutem
255 1875 337 1918 casso
363 1858 487 1917 vulnere
507 1858 623 1932 perlata
646 1861 694 1915 est
718 1854 920 1929 inperialem,
935 1859 964 1913 et
1017 1857 1302 1933 solecjuxtsrsgem
1313 1862 1354 1919 ad
1367 1862 1551 1921 vescendum
1565 1880 1575 1921 ε
1589 1863 1784 1939 dimitleergc
1793 1880 1844 1926 me

140 1948 239 2008 David
249 1948 320 2020 tegit
333 1952 363 2006 et
381 1948 515 2006 salvatus
538 1952 585 2005 est
599 1949 687 2003 nocte
700 1944 760 2003 illa.
775 1944 852 2003 ltisit
864 1950 964 2003 autem
1016 1950 1050 2004 ut
1064 1946 1235 2007 abscondar
1245 1950 1276 2007 in
1289 1964 1467 2026 agrousqus
1477 1950 1517 2009 ad
1527 1952 1751 2027 vesperumdiei
1757 1954 1842 2014 tertii.

139 2038 214 2098 saul
227 2037 365 2096 satellites
380 2052 453 2095 suos
465 2041 553 2095 nocte
565 2037 596 2093 in
610 2033 737 2093 domum
750 2033 855 2106 David,
862 2038 896 2092 ut
908 2050 964 2091 eu·
1018 2036 1048 2093 Si
1058 2038 1220 2111 respiciens
1227 2038 1396 2113 requisierit
1409 2056 1459 2099 me
1472 2045 1558 2115 pater
1566 2042 1845 2117 tuus,respondehis

139 2127 298 2186 stodisrent
307 2143 390 2192 eum,
401 2131 431 2185 et
454 2125 668 2184 interficeretur
683 2138 780 2181 mane.
794 2123 882 2190 Quod
893 2139 965 2181 cum
1017 2124 1045 2181 oi
1057 2141 1064 2179 r
1077 2127 1258 2200 Rogavitme
1269 2128 1374 2197 David,
1384 2131 1417 2186 ut
1427 2128 1483 2187 iret
1496 2128 1629 2189 celeriter
1636 2129 1668 2189 in
1676 2130 1845 2191 Bethlehem

139 2214 558 2277 annuntiassetliavidlliohcl
569 2230 646 2272 uxor
660 2230 726 2281 sna,
748 2212 853 2270 dicens
877 2212 965 2270 srtisi
1018 2212 1168 2273 civitatem
1181 2232 1268 2275 suam
1286 2234 1294 2276 r
1310 2216 1525 2292 quievistimm
1548 2218 1697 2279 solemnes
1722 2219 1847 2281 ibisnnt

139 2305 298 2365 salvaveris
309 2309 339 2363 te
352 2309 436 2364 nocte
446 2304 515 2376 hac,
528 2319 595 2361 cras
608 2301 744 2362 morieris
757 2318 765 2361 ε
785 2300 966 2375 etdepoeuit
1018 2303 1165 2362 universis
1175 2305 1394 2365 contribulibus
1405 2306 1481 2380 ejus.
1496 2308 1526 2366 Si
1539 2307 1657 2378 chent,
1670 2311 1748 2369 Bene
1763 2326 1771 2368 τ
1784 2326 1846 2385 pax

140 2412 210 2454 eum
219 2394 467 2469 periesnestram.
481 2392 631 2453 Porroille
643 2392 726 2462 abiit,
736 2390 899 2464 strepitat
910 2392 965 2450 sal-
1018 2392 1074 2449 erit
1085 2408 1172 2451 servo
1186 2398 1238 2453 tuo
1265 2410 1272 2452 :
1301 2393 1329 2453 sl
1343 2400 1446 2455 eutem
1459 2396 1549 2455 luerit
1559 2396 1664 2464 iratus,
1678 2398 1753 2457 scito
1772 2398 1847 2473 quia

138 2490 226 2544 setus
246 2488 300 2543 est.
326 2484 401 2543 Tulit
425 2488 523 2543 antem
537 2481 648 2541 blichcl
670 2485 812 2551 statuam,
826 2486 855 2538 et
866 2481 968 2555 posuit
1019 2481 1225 2555 completaast
1239 2483 1504 2557 malitieelusl'ac
1519 2500 1591 2559 ergo
1603 2486 1847 2549 misericordiam

139 2592 207 2635 sam
229 2590 320 2649 super
345 2574 468 2643 lectum,
495 2578 525 2631 et
537 2571 647 2647 pellem
661 2569 793 2645 pilosam
805 2584 966 2643 caprarum
1019 2568 1051 2627 ln
1065 2585 1187 2628 servum
1195 2573 1280 2629 tuum
1294 2588 1301 2628 :
1313 2572 1386 2646 quia
1397 2572 1493 2629 ioedua
1507 2572 1625 2633 Domini
1634 2588 1683 2634 me
1696 2574 1846 2637 tumulum

139 2664 237 2739 posuit
246 2664 286 2722 ad
300 2668 391 2738 caput
406 2663 480 2736 eJus,
495 2667 524 2719 ct
548 2662 667 2735 operuit
688 2676 757 2718 eam
772 2659 964 2717 vestimentis.
1020 2660 1106 2715 tuum
1119 2664 1218 2715 tecum
1228 2658 1304 2717 inire
1318 2659 1422 2717 iecisti.
1439 2670 1474 2733 tr.
1494 2664 1599 2719 lmen.

138 2752 326 2814 licitantem
339 2755 411 2812 saut
425 2751 622 2826 appetitores,
633 2750 686 2825 qui
696 2752 836 2824 reperent
847 2748 943 2806 David
957 2765 964 2805 :
1056 2746 1226 2818 Antiphone
1241 2752 1266 2805 t.
1276 2747 1355 2805 Deus
1369 2746 1463 2807 vitam
1471 2762 1570 2807 msam
1580 2750 1757 2811 annuntiavi
1771 2752 1822 2811 tibi
1836 2766 1845 2815 t

141 2848 171 2902 et
178 2841 501 2918 responsumestqucd
508 2843 674 2911 egrotaret.
686 2842 876 2911 {tersumque
885 2836 968 2895 misit
1019 2834 1147 2907 posuisti
1160 2835 1311 2909 lacrymas
1325 2850 1410 2894 meas
1424 2836 1700 2910 inconspectutuo,
1710 2840 1845 2899 Domine.

141 2931 215 2990 seut
233 2932 365 3001 nuntios,
384 2937 418 2989 ul
431 2930 567 2988 viderent
580 2927 687 2998 David,
713 2928 817 2985 dicens
833 2944 840 2984 :
859 2926 966 2986 auerte
1021 2922 1142 2981 Sioutin
1155 2922 1386 2997 repromissione
1402 2927 1464 2991 tua,
1475 2925 1555 2983 Deus
1565 2926 1643 2983 Dens
1654 2942 1741 2985 meus
1752 2945 1760 2987 ε
1773 2942 1846 2988 ecn-

106 3063 111 3069 Α
141 3037 212 3079 eum
220 3020 312 3078 adme
319 3023 351 3078 in
359 3020 448 3090 lecto,
457 3022 492 3077 ut
500 3018 663 3077 occidatur.
672 3019 808 3091 Cumque
816 3014 968 3074 venissent
982 3038 1004 3096 ς
1019 3016 1172 3069 vertantur
1197 3011 1312 3072 inimici
1331 3013 1391 3071 mei
1404 3018 1493 3072 retro.
1508 3013 1540 3079 l.
1556 3015 1690 3075 tliserere
1704 3016 1778 3076 mihi
1792 3018 1848 3077 llo-

142 3111 241 3169 nunti
251 3111 405 3168 inventum
417 3113 463 3168 est
476 3107 694 3166 simulachrum
704 3122 796 3180 super
807 3106 928 3174 lectum,
938 3109 968 3164 et
1020 3104 1111 3172 mine,
1123 3104 1268 3178 quoniam
1281 3103 1470 3164 conculcavit
1480 3120 1530 3164 me
1539 3105 1649 3166 homo:
1661 3111 1722 3168 iota
1731 3107 1848 3168 diebel·

141 3197 228 3273 pellis
241 3213 401 3272 caprarum
410 3197 450 3255 ad
460 3193 777 3271 eaputejmltixitque
789 3192 966 3253 Sculadlli-
1018 3192 1085 3252 lans
1099 3194 1249 3254 tribulavit
1263 3211 1322 3254 me.

139 3287 206 3346 chol
220 3304 228 3344 :
243 3289 341 3354 Quare
354 3287 397 3344 sic
406 3284 537 3344 inlusisti
550 3301 608 3351 me,
619 3289 650 3341 et
657 3283 798 3340 dimisisti
809 3283 964 3342 inimicum
1056 3283 1146 3357 286
1160 3284 1272 3344 Oratio.
1289 3288 1368 3342 licus
1381 3284 1471 3344 utam
1486 3287 1846 3346 nostramcnnuntiamus

139 3381 288 3448 meum,ut
312 3376 427 3447 ingeret
446 3374 462 3433 i
482 3377 514 3432 at
527 3372 683 3448 respondit
697 3371 800 3432 ltiehol
814 3372 854 3430 cd
869 3371 940 3430 seul
955 3391 962 3433 ε
1019 3371 1240 3448 iniquorum
1272 3372 1389 3432 inferna
1416 3373 1577 3432 moriendo
1589 3374 1685 3433 vicisti
1698 3392 1706 3432 r
1717 3379 1751 3433 tu
1764 3375 1846 3444 eninr

139 3466 212 3534 onie
224 3466 291 3540 ipse
308 3465 425 3522 loeutus
448 3468 493 3524 est
503 3462 577 3522 mihi
592 3478 598 3518 ι
615 3461 732 3519 Dimitte
748 3477 807 3531 me,
829 3461 963 3536 alioquin
1017 3461 1117 3534 firme,
1130 3478 1200 3537 qum
1215 3466 1318 3522 nostre
1333 3461 1557 3534 agnoscis3qui
1566 3462 1649 3521 solus
1656 3463 1845 3537 inspectores

138 3555 315 3613 interficiam
323 3557 362 3611 te.
376 3552 469 3611 David
480 3556 583 3612 autem
595 3550 722 3622 fugiens,
740 3550 875 3608 salvatus
883 3555 927 3608 ast
936 3556 965 3608 et
1017 3551 1116 3609 cordis
1132 3569 1139 3608 ι
1155 3551 1233 3610 Pone
1247 3565 1424 3626 quesumus
1437 3550 1469 3608 in
1483 3555 1646 3625 conspectu
1664 3555 1716 3612 tuo
1728 3551 1846 3629 lachry-

138 3645 215 3702 venit
222 3643 264 3703 ed
274 3641 396 3702 &muel
404 3641 593 3707 initamathe,
603 3643 633 3698 et
640 3639 824 3698 renuntiavit
832 3640 858 3698 ei
866 3640 965 3698 omnia
1018 3655 1085 3698 mes
1097 3645 1216 3699 nostras
1233 3638 1844 3715 :utreprcmissionispercipiantdonum;

138 3749 203 3807 quse
214 3733 328 3790 iecerat
336 3731 394 3788 sibi
404 3729 474 3790 Saul
487 3734 535 3788 :et
542 3726 750 3802 abieruntipse
759 3730 925 3795 etScmuel,
936 3732 965 3787 el
1018 3729 1093 3788 dum
1107 3744 1159 3803 per
1173 3745 1241 3786 eam
1265 3733 1405 3787 sanetum
1429 3728 1636 3804 paraverimus
1651 3729 1846 3803 indulgentiae

137 3821 245 3880 monti
256 3819 369 3878 suntin
380 3819 496 3879 Neioth.
509 3817 684 3878 Nuntiatum
694 3820 844 3875 astantem
858 3815 965 3876 Saulis
1018 3816 1207 3891 bustum-tp.
1219 3817 1324 3876 Amen.

136 3909 306 3969 dioenfihus
334 3926 342 3967 r
366 3911 439 3968 licea
465 3908 559 3968 David
572 3908 604 3966 in
626 3907 734 3966 Ncioth
760 3906 792 3963 in
807 3905 964 3964 hematha.
1052 3904 1846 3983 Antipltcoci.ltoneruhescsntinmequiexpeetaut

134 4000 210 4057 alsit
222 4015 298 4071 ergo
324 3998 396 4056 Saul
413 3998 542 4066 lictores,
559 4002 592 4055 ut
619 4000 759 4072 reperent
781 3994 874 4053 David
891 3994 965 4070 :qui
1017 3996 1188 4066 tellcmine,
1199 3994 1848 4073 Deusvirtutumouoniamproptertspor.

136 4103 212 4144 cum
220 4087 366 4147 vidismt
377 4103 508 4146 cuneum
517 4085 734 4162 prophatarum
742 4084 965 4142 vaticinantium
1017 4086 1079 4144 tavi
1092 4085 1289 4160 obprobrium
1305 4101 1314 4142 ι
1328 4085 1447 4160 operuit
1457 4083 1713 4146 oouiusioicoiem
1727 4103 1840 4147 meam.

136 4174 725 4250 etSamualstentemsupereos,icctus
739 4175 887 4232 astatium
902 4173 965 4247 Spi·
1017 4173 1374 4246 amedenunefflcmine,
1384 4171 1568 4232 adanimam
1575 4189 1687 4244 meam,
1698 4177 1845 4239 etredime

131 4265 217 4322 ritus
230 4265 386 4324 Dominiin
399 4265 467 4332 illis,
478 4270 507 4323 et
517 4263 696 4338 prophetare
706 4267 863 4339 coepcruut
872 4262 963 4320 etiam
1018 4279 1103 4322 eam:
1116 4269 1234 4337 propter
1241 4263 1380 4322 inimicos
1389 4278 1474 4322 meos
1481 4261 1576 4322 libere
1585 4279 1645 4323 me.
1653 4264 1685 4327 l.
1700 4266 1846 4333 Quoniam

130 4355 208 4428 ipsi.
221 4356 309 4423 Quod
317 4371 388 4413 curn
397 4355 567 4414 nuntiatum
574 4353 751 4422 essetssuli,
765 4354 846 4412 misit
855 4352 963 4411 etalios
980 4391 1004 4448 D
1018 4353 1097 4410 selus
1108 4353 1216 4410 domus
1230 4357 1286 4410 tum
1300 4352 1431 4410 comedit
1442 4367 1491 4410 mc
1505 4371 1512 4412 :
1527 4351 1727 4441 etobprcbrie
1737 4371 1845 4433 expro-

129 4445 282 4501 nuntios:
299 4444 554 4518 prophetaverunt
567 4447 669 4500 subm
683 4447 711 4500 et
731 4442 782 4500 illi.
797 4445 830 4501 lit
841 4457 963 4499 rursum
1017 4443 1170 4500 breellum
1184 4440 1245 4507 tibi,
1259 4439 1430 4499 oeciderunt
1442 4453 1533 4514 super
1549 4457 1607 4500 me.

129 4533 219 4590 misit
230 4534 303 4591 seut
314 4537 414 4590 tertios
428 4534 572 4590 nuntios:
591 4532 682 4605 quiet
695 4532 752 4606 ipsi
767 4532 965 4605 prophetave·
1055 4531 1168 4590 Orctr'c.
1184 4533 1248 4589 Non
1260 4529 1438 4589 erubescant
1456 4529 1487 4587 in
1509 4530 1597 4588 nobis
1622 4530 1747 4592 Domine
1766 4534 1844 4590 Deus

126 4627 216 4679 runt.
231 4623 266 4680 lit
278 4620 375 4680 iratus
385 4620 542 4680 iracundia
553 4620 640 4688 Saul,
665 4620 737 4678 abiit
750 4621 842 4679 eham
854 4621 921 4694 ipse
933 4619 964 4677 in
1019 4621 1169 4687 virtutum,
1181 4619 1234 4693 qui
1245 4624 1271 4678 tc
1281 4619 1485 4692 expectentde
1494 4617 1636 4678 humenis
1647 4622 1760 4680 actibus
1768 4620 1846 4692 iudi·

126 4711 298 4780 hematha,
322 4716 350 4769 et
363 4711 446 4769 venit
458 4725 552 4784 usque
565 4709 606 4768 ad
623 4710 782 4769 cisternam
808 4725 964 4785 magnam,
1020 4711 1101 4768 cium
1113 4725 1179 4768 esse
1193 4707 1343 4767 iacturum
1357 4725 1364 4761 ε
1379 4710 1411 4765 ut
1423 4707 1525 4765 Crucis
1536 4712 1595 4766 tues
1604 4707 1738 4782 potentia
1746 4705 1845 4782 stpla·

125 4813 194 4872 que
206 4805 254 4858 eet
264 4799 298 4858 in
313 4800 419 4865 Socho,
434 4802 464 4857 et
473 4797 677 4871 interrogavit,
690 4803 719 4856 et
730 4797 805 4856 dixit
833 4816 842 4856 z
860 4803 966 4872 inquo
1020 4799 1094 4859 citos
1104 4795 1222 4858 nostibi
1231 4795 1386 4870 operarios
1396 4794 1502 4854 salutis
1511 4795 1661 4864 exhibeat,
1675 4799 1704 4854 et
1719 4795 1845 4856 coelestir

123 4885 204 4947 loco
222 4893 294 4946 eunt
307 4887 427 4948 Samuel
452 4892 482 4946 et
501 4887 594 4946 David
618 4885 820 4963 iliietumque
841 4892 888 4949 est
914 4887 964 4944 ei:
1020 4889 1132 4947 milities
1144 4887 1260 4948 curiam
1277 4885 1316 4945 de
1330 4886 1440 4946 nostris
1460 4885 1580 4944 actibus
1594 4883 1761 4946 contristari
1783 4902 1846 4949 non

121 4977 210 5035 Ecce
240 4977 275 5035 in
301 4976 410 5035 lleioth
434 4979 505 5035 sunt
529 4976 559 5034 in
599 4978 755 5037 hematha.
784 4981 818 5036 lit
838 4975 910 5035 abiit
933 4974 966 5031 in
1020 4977 1108 5037 sinat.
1122 4988 1154 5050 tr.
1168 4981 1273 5035 amen.

118 5064 242 5124 haiath
264 5065 299 5122 in
322 5065 480 5131 hematha,
511 5064 656 5123 attactus
687 5070 733 5123 est
760 5066 848 5124 etiem
876 5077 967 5137 super
1056 5066 1231 5138 antiplona
1245 5067 1272 5126 3.
1288 5063 1483 5136 linguamea
1497 5060 1847 5140 meditabiturjustiu'am

117 5168 207 5211 eum
221 5153 352 5227 Spiritus
368 5152 497 5221 Domini,
525 5157 554 5211 el
581 5152 758 5211 ambulabat
783 5153 965 5229 ingrediens,
1021 5151 1717 5224 tuam,Domine=tctadieleudemtuamtdum
1729 5157 1848 5216 ocniusi

115 5249 151 5300 et
167 5242 381 5317 prophetabat
402 5257 499 5316 usqne
526 5240 600 5300 dum
623 5242 737 5300 veniret
750 5242 782 5299 in
800 5243 903 5303 Naioth
933 5247 966 5308 in
1021 5251 1050 5304 et
1060 5243 1177 5302 reveriti
1190 5241 1300 5300 fuerint
1310 5256 1416 5300 omnes
1430 5241 1483 5317 qui
1497 5249 1636 5318 querunt
1649 5245 1732 5304 melu
1756 5245 1842 5304 mihi.

113 5332 297 5390 Ramathn.
310 5334 341 5389 lit
356 5330 517 5406 expoliavit
530 5345 562 5387 se
580 5329 671 5388 etiem
690 5329 756 5406 ipse
782 5336 964 5396 resumentis
1020 5335 1053 5402 v.
1069 5335 1148 5392 Deus
1160 5332 1191 5390 in
1203 5336 1229 5390 te
1239 5331 1367 5406 speravi,
1381 5331 1516 5402 Domine,
1530 5347 1593 5392 non
1604 5333 1803 5394 contundetur
1815 5335 1848 5393 in

113 5422 212 5488 suia,
225 5425 259 5482 et
268 5418 459 5496 prophetavit
465 5434 536 5478 cum
542 5419 657 5478 celeus
665 5435 770 5480 coram
793 5423 924 5496 Samuel,
933 5431 964 5488 et
1020 5431 1177 5493 murnum,
1191 5421 1241 5498 qui
1255 5421 1416 5483 habitatin
1430 5422 1627 5482 Hierusalem

111 5507 359 5572 eeoinilnudus
367 5508 494 5578 wladie,
509 5511 648 5572 etncctc.
662 5509 963 5590 llndeetexivitprc·
1057 5513 1325 5588 prorueremus
1339 5509 1451 5574 inimici
1474 5509 1533 5572 mei
1560 5508 1592 5569 in
1620 5511 1762 5582 angusta
1793 5519 1846 5578 :ct

281 5601 403 5660 Persou.
425 5597 571 5658 lllllllVl.
1696 5599 1731 5658 lb
