4117 6175
120 243 180 305 m
717 233 896 303 bottlttlltt
913 234 925 299 t
941 230 1250 309 summenstete-
1785 244 1850 331 ³1⁰2

118 368 207 433 nitus
220 366 291 428 tuus
304 358 381 426 etesi
394 358 450 421 tibi
468 359 546 425 sont
558 361 727 436 precepisti
744 361 819 427 mihi
834 377 842 419 r
856 374 954 433 surge
969 357 995 414 Α
1010 373 1090 427 eum.
1108 363 1190 431 dcco,
1202 361 1281 424 Esau
1294 362 1384 425 trater
1398 363 1467 424 mus
1481 364 1613 428 mirabar
1621 365 1655 432 ut
1666 366 1785 435 obsidat
1796 372 1835 432 te.

120 456 209 522 sede,
226 456 255 515 st
266 449 394 511 comedo
407 450 447 509 do
464 449 623 514 venatore
642 466 721 519 moe.
750 454 783 515 ut
798 450 957 515 benedicat
1010 450 1093 505 Nune
1108 452 1180 508 audi
1198 467 1279 525 creo.
1296 451 1347 519 tili,
1367 468 1473 511 vocem
1484 469 1594 522 meam,
1609 460 1637 517 et
1651 472 1835 533 consurgens

118 544 201 603 milri
213 541 318 605 auimo
331 539 730 613 manutenementum
739 538 834 602 lilium
843 554 932 601 suum
945 558 955 602 ι
1009 534 1080 607 fusse
1092 539 1368 598 adlabentratrom
1374 557 1476 600 meum
1485 542 1601 604 ineram
1610 544 1835 625 :habitabisque

120 630 297 701 Quomodo,
309 627 554 703 iuquit‚tnmcito
563 628 831 705 inveniremini,
840 626 955 693 filiuni?
1009 640 1080 683 eum
1095 642 1131 684 eo
1145 629 1209 685 dies
1218 645 1343 707 paucos,
1360 630 1456 689 doueu
1465 632 1631 712 requiescat
1645 633 1726 693 furor
1736 636 1834 695 tratris

121 722 185 788 Qui
195 717 374 793 amutii:
391 716 694 783 voluuusbeiuuns
706 717 956 785 citomihioccur·
1009 714 1062 781 tui,
1079 719 1107 778 et
1119 717 1247 781 cessabit
1262 718 1428 791 indirecto
1443 720 1834 799 ejusoblivtsouureorum

118 805 955 883 rerutquodvolebam·Dixitquelsesooeooedehuc,ut
1008 816 1076 875 quae
1086 804 1305 867 teoistiineum:
1318 812 1422 883 postea
1432 808 1560 879 mittant.
1570 809 1754 879 eteddocsm
1763 811 1834 870 inde

118 894 954 971 hagamiefilimi‚etprobemutrurntusiafiliusmeus
1006 890 1067 949 huc
1084 899 1288 969 :ourutroque
1309 896 1440 954 orbabor
1449 896 1511 954 filio
1528 898 1559 954 in
1581 914 1644 960 una
1668 898 1834 967 diotbirtr

117 988 219 1060 Esau,
234 1001 351 1048 annon.
362 985 494 1044 Accessit
502 983 553 1044 ille
565 984 775 1057 moreremur
783 982 907 1058 rupero
917 997 953 1040 eo
1007 997 1128 1057 quoque
1137 984 1271 1045 Rebecca
1279 986 1318 1044 nd
1326 990 1410 1046 isaeo
1426 1003 1433 1045 :
1449 987 1677 1050 uedstmevite
1685 1004 1833 1073 meapte·

120 1077 202 1138 dixit
214 1077 297 1137 isaeo
312 1092 320 1134 :
334 1074 401 1131 Vox
415 1072 551 1146 quidem.
561 1088 620 1130 uox
630 1073 725 1136 Jacob
738 1078 782 1130 est
795 1091 802 1131 ι
817 1072 872 1129 sed
890 1088 953 1132 ma·
1006 1071 1158 1142 ptertilins
1172 1073 1266 1134 Beth:
1280 1074 1305 1139 si
1320 1074 1466 1151 acceperit
1479 1075 1704 1140 Jaoohurorem
1716 1078 1755 1139 de
1769 1078 1833 1135 stir-

117 1182 193 1236 nue,
209 1180 320 1229 manus
332 1167 403 1228 cnut
417 1164 504 1224 Esau.
520 1165 555 1227 ut
566 1178 629 1222 nou
642 1163 869 1237 cognoviteum.
880 1161 953 1235 quia
1005 1174 1044 1231 pc
1057 1158 1149 1233 huJ'us
1169 1166 1262 1229 terre,
1281 1163 1351 1223 nolo
1363 1165 1471 1221 vivere.
1487 1164 1573 1237 (Cap.
1589 1164 1696 1237 rxvur).
1711 1166 1833 1223 vocavit

115 1256 233 1329 pilose
240 1269 350 1319 manus
367 1251 592 1317 similitudinem
602 1252 949 1325 majorisexpresserant.
1005 1252 1107 1308 autem
1124 1252 1317 1317 isaaclacob,
1334 1258 1361 1310 et
1373 1251 1522 1312 benedixit
1530 1252 1567 1323 ei,
1583 1254 1784 1327 precepitque
1793 1254 1829 1319 ei.

115 1344 310 1409 uencdeeue
323 1357 392 1413 den
406 1340 458 1407 illi,
478 1341 520 1408 ait
534 1361 544 1397 s
559 1344 602 1399 Tu
613 1356 646 1401 es
661 1341 741 1403 tilius
754 1356 840 1399 meus
850 1340 950 1403 essue
1004 1334 1108 1395 dicerm
1126 1339 1208 1398 :Noli
1220 1340 1355 1417 accipere
1366 1341 1526 1413 conjugem
1540 1340 1579 1397 de
1593 1356 1701 1411 genere
1716 1341 1831 1404 Chana-

114 1431 290 1506 Respondit
305 1448 312 1487 :
327 1434 387 1502 teo
401 1445 481 1495 aum·
500 1429 595 1493 ttius
610 1449 618 1491 ι
635 1429 714 1495 Olfer
732 1430 817 1498 milui,
840 1429 949 1505 inquit,
1004 1441 1045 1487 au
1060 1427 1131 1485 :sed
1143 1428 1231 1501 vade,
1247 1428 1511 1507 etprofioisoerein
1522 1430 1768 1505 Mesopotamiam
1776 1433 1829 1507 Sy-

113 1521 208 1582 oiboe
217 1521 256 1585 de
264 1519 424 1585 venatione
434 1523 496 1587 tua,
506 1519 550 1579 fili
560 1520 611 1588 mi,
622 1519 875 1587 utbenedicattibi
887 1520 950 1577 eni-
1002 1513 1234 1575 aiueiudomum
1246 1517 1475 1595 Bathuelpatris
1490 1518 1830 1595 matrisqueture,etac·

111 1626 257 1673 mantea·
268 1608 751 1678 Quoscumobtnrosoomedtssot,
762 1608 869 1668 obtulit
882 1609 909 1665 ei
920 1610 950 1665 et
1003 1603 1133 1680 cipetibi
1148 1606 1217 1662 iude
1235 1622 1361 1665 uxorem
1382 1608 1420 1668 de
1438 1606 1557 1665 filiabus
1574 1605 1675 1669 Labau
1690 1606 1830 1675 aurneuli

110 1700 227 1763 vinum
239 1716 248 1763 t
260 1698 453 1771 mansueto,
465 1696 539 1755 dixit
553 1696 593 1763 ud
605 1712 675 1754 oum
691 1715 697 1763 ;
714 1698 824 1760 Accede
834 1696 875 1762 ed
886 1713 946 1767 me,
961 1709 986 1777 Β
1003 1693 1055 1756 tui.
1069 1692 1149 1754 Deus
1161 1698 1263 1755 autem
1275 1697 1465 1771 omnipotens
1475 1695 1707 1764 benedicettibi,
1717 1702 1830 1759 stores

111 1794 148 1847 et
166 1788 208 1847 da
220 1787 293 1852 rudi
310 1786 460 1855 osculum,
475 1785 518 1846 lili
530 1786 584 1849 ori.
598 1786 736 1855 demisit,
754 1790 783 1844 et
796 1786 949 1847 osculatus
1002 1797 1068 1845 cere
1080 1786 1107 1842 te
1122 1783 1222 1855 iaciat,
1243 1788 1333 1861 aitque
1347 1783 1542 1856 multiplicet:
1555 1789 1587 1839 ut
1601 1783 1642 1842 sis
1657 1782 1690 1842 in
1712 1786 1828 1849 turmas

108 1880 169 1938 eat
180 1892 260 1939 eum,
277 1875 440 1948 suumque
455 1879 488 1936 ut
504 1875 597 1941 sensit
608 1876 854 1938 vestimentorum
866 1875 947 1935 ilius
1002 1871 1198 1945 populorum.
1213 1874 1247 1933 ut
1259 1873 1310 1934 det
1324 1872 1377 1931 tibi
1389 1871 1612 1931 benedictiones
1625 1870 1788 1937 Abraham,
1799 1874 1828 1935 et

106 1965 325 2038 mantiam,
334 1962 567 2030 benedioousait
581 1983 588 2024 :
603 1962 882 2021 docendorfiliimei
892 1964 935 2024 sic
1001 1960 1109 2021 semini
1123 1964 1175 2026 tuo
1194 1964 1263 2035 post
1278 1966 1331 2025 sut
1345 1961 1500 2039 possideas
1523 1964 1634 2027 errem
1658 1959 1828 2043 peregrinu-

105 2058 147 2113 ut
158 2053 313 2125 morderi
323 2052 416 2127 pleni.
431 2052 480 2112 cui
490 2051 640 2116 benedixit
655 2051 813 2117 Dominus.
828 2053 882 2117 Det
893 2051 947 2119 tibi
1000 2048 1090 2113 tonis
1106 2051 1173 2115 rna,
1190 2064 1285 2125 quam
1303 2048 1452 2123 pollicitus
1464 2050 1510 2115 est
1522 2063 1580 2113 avo
1591 2050 1650 2115 tuo.
1671 2057 1705 2123 p.
1718 2048 1827 2119 Amen,

107 2142 248 2209 Deuade
261 2156 328 2207 rore
340 2140 510 2211 crederes
529 2140 712 2214 pinguedine
732 2144 827 2207 terra,
852 2140 947 2201 abun
1339 2138 1485 2209 domnus.

106 2230 255 2297 dmtiann
267 2228 408 2295 frumenti
429 2229 542 2299 etvini,
557 2234 587 2291 et
609 2228 679 2295 olei.
699 2232 733 2297 tlt
746 2229 878 2296 serviam
891 2229 946 2295 riui
1123 2228 1239 2293 AEterue
1254 2224 1329 2291 tucis
1345 2224 1496 2292 condor,

105 2317 549 2393 manducassemus
563 2334 570 2383 ;
586 2322 652 2380 esto
663 2318 807 2377 Dominus
817 2317 944 2385 {rsuram
1087 2316 1150 2381 lux
1165 2314 1229 2389 ipse
1243 2317 1333 2384 totus,
1345 2317 1375 2372 et
1388 2314 1463 2382 dies,

105 2412 290 2477 rimamus
300 2409 494 2475 meumentur
503 2407 671 2474 aabtotitii
681 2408 787 2473 matris
798 2411 856 2475 tuos
871 2425 878 2468 :
893 2409 945 2481 qui
1088 2406 1210 2471 Noctem
1222 2419 1278 2471 nee
1294 2402 1388 2471 ubam
1404 2402 1544 2478 cendone,

105 2497 303 2563 maledtrrrit
317 2496 379 2567 tibi.
396 2496 434 2563 sit
445 2496 623 2563 mdediotos
636 2514 643 2553 ε
658 2500 688 2557 et
698 2497 751 2569 qui
760 2496 945 2567 benedixerit
1088 2494 1199 2561 ustura
1212 2492 1288 2559 tonis
1301 2491 1449 2567 perpetim
1466 2508 1473 2545 =

104 2584 616 2659 ttbtbeoedrcttoaibusroprsnrur.
627 2585 944 2653 Vixissecsermnuem
1120 2582 1186 2641 ism
1201 2580 1287 2647 cedat
1303 2580 1418 2653 pallens
1431 2578 1570 2656 proximo

103 2673 292 2747 impleverat
309 2676 488 2744 :etweeso
501 2672 593 2740 Jaoob
604 2672 785 2744 insueverit
796 2675 882 2743 ussa,
894 2689 944 2733 oo.
1086 2667 1149 2731 litei
1165 2682 1226 2735 noa
1244 2667 1387 2734 adventui

103 2767 242 2835 eioeuue
259 2760 297 2827 ds
322 2761 478 2829 venedum
491 2760 578 2829 eibos
598 2760 696 2824 intulit
710 2762 799 2835 petri,
814 2761 917 2828 decus
933 2782 941 2824 :
1087 2754 1258 2819 obtendens
1271 2758 1384 2821 lumen
1394 2753 1526 2815 siderum

103 2854 214 2921 Surge
229 2850 372 2933 pensan,
384 2849 594 2915 etoousedede
604 2848 874 2919 venationefiliitui
890 2866 896 2912 ;
910 2854 944 2921 ut
1086 2843 1173 2900 Adest
1189 2844 1218 2901 et
1235 2842 1334 2911 clarus
1355 2840 1472 2907 lucifer.

100 2938 275 3004 benedicent
294 2939 368 3000 mibi
387 2937 490 3005 anima
510 2941 574 3004 tua.
595 2938 733 3011 Dixitque
746 2940 831 3001 Isaac
848 2958 854 3000 :
871 2939 942 3009 ouis
1120 2935 1288 2991 lamstrato
1306 2930 1365 2989 laeti
1384 2930 1534 3001 surgimus

100 3026 202 3092 enirn
216 3041 247 3092 ee
257 3026 374 3096 tutoni
382 3026 555 3100 respuuntur
571 3029 633 3100 Epo
647 3043 714 3094 auur
724 3027 942 3102 primogenitus
958 3065 980 3134 ὓ
1087 3026 1188 3089 Grates
1203 3026 1345 3088 canentes
1358 3023 1473 3088 ettuas.

101 3121 191 3172 tuus
204 3116 288 3173 essu
297 3117 418 3189 Expavit
428 3119 511 3184 lasne
522 3119 642 3190 stupore
652 3117 820 3182 vehementi
836 3138 843 3188 ;
858 3122 886 3176 et
896 3119 941 3178 ul·
1086 3112 1172 3182 onon
1187 3127 1298 3171 oaecem
1311 3114 1430 3171 noctem
1444 3107 1557 3183 vicerit,

100 3204 459 3278 usquemorcdipotosu
468 3204 633 3277 admirans,
640 3205 682 3270 ait
691 3223 697 3261 :
706 3205 778 3276 Quis
789 3205 837 3264 ille
851 3207 942 3279 igitur
1084 3203 1222 3260 Revertat
1233 3217 1337 3263 rursus
1350 3199 1398 3258 Sol
1410 3198 1502 3258 diem

101 3297 172 3362 est,
186 3292 370 3366 quidudum
385 3296 506 3368 neptem
516 3293 707 3362 venationem
717 3294 904 3368 attulitmihi,
913 3299 941 3352 et
1119 3293 1157 3351 Te
1171 3305 1264 3360 nuuc,
1282 3305 1321 3348 ne
1340 3287 1438 3349 carnis
1451 3285 1562 3357 gaudia

101 3380 233 3438 comedi
249 3396 285 3438 ex
299 3381 441 3437 omnibus
464 3382 641 3460 priusquam
657 3387 690 3450 tu
704 3382 940 3453 venueatbene·
1083 3375 1203 3441 Blandis
1222 3377 1386 3448 subrepant
1404 3373 1540 3438 testibus,

99 3471 236 3551 dixique
248 3469 287 3541 el.
302 3469 399 3538 ercet
414 3469 603 3537 benedictus·
621 3469 736 3536 luditis
760 3472 848 3550 170
862 3473 940 3539 lived
1083 3464 1164 3525 bolis
1183 3480 1221 3525 11e
1235 3464 1323 3522 neunt
1335 3461 1436 3520 secuti

101 3557 940 3642 sarmouibuepatriqippuqiitolumorespagnozetoqpt
1082 3556 1161 3620 llens
1181 3557 1293 3618 nostra,
1310 3553 1426 3615 Sancte,
1437 3559 1625 3622 quesumus.

104 3647 308 3714 eumancio
323 3650 411 3724 terre,
425 3646 487 3716 ait;
504 3647 738 3716 benedicebam
755 3649 839 3725 niti,
855 3653 940 3728 peter
1117 3646 1163 3710 tra
1181 3657 1219 3699 ne
1231 3639 1313 3710 sires
1327 3642 1482 3714 emittet·

103 3736 170 3792 mi.
184 3736 233 3800 oni
247 3736 289 3806 eit
303 3754 311 3805 r
326 3736 411 3804 Venit
429 3749 592 3809 ermanus
606 3740 676 3804 tuus
688 3736 902 3807 tresenreuter,
911 3740 940 3806 et
1083 3729 1192 3800 totove
1205 3731 1340 3798 ventrem
1354 3725 1467 3797 incitet,

102 3823 471 3895 aceepitbenedictiouem
477 3824 738 3904 tuamsubjupsit
748 3827 779 3892 el
782 3828 844 3892 uste
852 3841 940 3885 voca·
1083 3820 1164 3904 Opus
1182 3819 1330 3894 pervertat
1344 3831 1383 3880 ue
1397 3813 1502 3889 tames,

101 3917 180 3981 turn
195 3916 240 3980 eet
251 3927 362 3980 nomen
374 3911 440 3992 ejus
452 3911 546 3979 Jacob
561 3931 568 3970 z
583 3911 787 3994 supplantavit
801 3913 881 3982 enirn
891 3928 940 3976 me
1082 3906 1186 3982 Turpis
1204 3921 1242 3964 ue
1255 3907 1355 3968 fluxus
1374 3905 1500 3978 aucupet
1515 3921 1523 3974 ς
1561 3963 1564 3972 ,

102 4016 148 4056 en
162 3999 328 4068 mteruvire
342 4021 349 4074 ς
367 3999 569 4078 primogenite
581 4017 651 4068 mea
660 4005 729 4068 auu
740 4001 814 4068 tulit,
821 4005 850 4058 et
858 4017 940 4072 nune
1119 3995 1175 4062 soc
1185 3993 1376 4064 firmamento
1388 3991 1490 4062 sobrii,

103 4086 878 4168 secundosubripuitbenedictionequesm,ltursum
923 4105 940 4146 e
1083 4085 1172 4148 ussto
1186 4087 1342 4150 manentes
1352 4097 1486 4155 corpere,

101 4175 155 4240 ad
171 4177 287 4246 patrem
301 4192 308 4230 τ
321 4176 458 4259 tluuquid
471 4191 533 4242 uon
544 4177 681 4255 servasti,
697 4176 747 4244 ait,
758 4180 788 4238 et
800 4175 874 4247 mihi
880 4105 940 4244 Ἑτε-
1082 4175 1155 4242 Tuto
1166 4171 1246 4236 fideli
1257 4171 1371 4246 spiritu,

98 4260 315 4330 nedieuonero
328 4263 342 4332 t
353 4263 606 4341 Responditleaao
621 4279 628 4335 ;
643 4264 667 4330 si
679 4263 838 4328 domiuum
854 4268 941 4335 tuum
1083 4259 1204 4331 christe,
1219 4260 1367 4327 ducemus
1380 4257 1462 4328 huuc,
1476 4257 1557 4330 dem

97 4353 199 4421 illum
208 4350 354 4427 reustum,
369 4355 398 4419 et
409 4349 628 4420 omumiratres
640 4351 707 4433 ejus
716 4352 847 4420 servituti
861 4351 941 4420 illiue
1118 4353 1177 4420 [teo
1190 4349 1268 4418 Patri
1282 4350 1319 4416 sil
1328 4349 1435 4432 eloris,

100 4439 275 4515 subjusnvi
290 4457 297 4498 ε
313 4439 802 4511 isuracntoetvinostabilivisunr‚
814 4411 978 4516 tibipqstD
1082 4439 1213 4514 Eiusque
1233 4439 1384 4507 soltertia,

98 4526 579 4600 haec‚tilimi‚ultraqnidiacium
592 4526 606 4585 l
620 4527 837 4600 Cuidlxilssstist
847 4547 853 4585 :
863 4533 940 4600 Num
1083 4531 1157 4592 Cum
1168 4529 1277 4604 Spiritu
1290 4528 1445 4600 Parnclito,

100 4614 458 4698 unam,r'nquit,tantonr
469 4615 707 4687 beneditionem
718 4619 823 4688 bace,
834 4617 940 4704 pater?
1082 4621 1116 4688 ln
1132 4619 1314 4692 sempiterna
1333 4617 1454 4682 sarcula.

102 4703 188 4770 mihi
197 4720 320 4788 qunque
331 4705 456 4771 obscuro
464 4705 675 4772 utbeucdiras.
683 4707 818 4783 Cumque
828 4706 941 4790 ejulatu
1117 4711 1225 4774 Amen.

103 4791 324 4864 magnoderct,
333 4796 534 4863 motustsaao,
545 4794 742 4864 disitadeum
755 4816 762 4856 :
775 4801 807 4858 lu
816 4797 939 4880 pingue·
1028 4797 1230 4880 supplicatio,
1248 4797 1372 4866 oremus
1387 4793 1626 4878 Redemptorem‚
1639 4791 1696 4875 sot.
1712 4791 1775 4864 ιιδ,

102 4881 181 4939 dine
197 4885 293 4948 terrae,
307 4887 337 4941 et
350 4883 382 4947 iu
396 4898 462 4940 rore
473 4883 538 4943 eoeli
553 4882 691 4965 desuper,
705 4885 759 4942 erit
772 4884 939 4950 benedictio
1030 4885 1182 4960 Capitale.
1200 4885 1349 4958 illumina,
1366 4883 1500 4942 Domine.
1509 4884 1565 4954 sol.
1581 4887 1624 4948 26.

103 4974 172 5036 tun,
186 4970 272 5040 Vives
283 4969 396 5044 gladio,
407 4975 436 5028 et
450 4971 533 5036 tratri
552 4977 603 5034 tuo
619 4973 747 5030 servies:
760 4978 939 5048 tempusque
1027 4975 1144 5035 Lauda.
1157 4974 1290 5034 Miserere
1304 4973 1401 5040 nobis,
1413 4973 1555 5040 Domine:
1568 4971 1710 5044 miserere
1719 4971 1817 5046 uobis.

101 5058 218 5128 veniet,
231 5073 301 5125 cunt
316 5059 451 5123 excutias
466 5059 717 5133 etsolvusJ'ugum
728 5066 793 5134 ejus
803 5062 840 5122 de
850 5063 938 5131 cervi-
992 5063 1025 5118 P.
1038 5065 1305 5137 dooerempusest,
1320 5058 1637 5124 utmiserearisnobis.
1651 5061 1821 5136 tundimu-

102 5145 196 5205 eibus
210 5148 279 5211 tuis.
293 5147 402 5211 Oderat
411 5164 484 5220 ergo
499 5165 617 5232 semper
630 5152 709 5208 Esaia
720 5150 812 5209 Jacob
822 5165 877 5224 pro
889 5150 939 5218 be·
991 5150 1208 5218 vamusoculos
1219 5157 1346 5223 nostros,
1359 5151 1538 5224 quihabitas
1548 5151 1680 5222 iucoelis.
1692 5153 1723 5208 P.
1734 5153 1817 5227 Ecce,

100 5234 363 5310 nedictione,qua
381 5238 575 5306 benedixerat
590 5239 614 5295 ei
634 5244 718 5312 pater
734 5257 740 5295 :
758 5238 891 5314 dixitque
907 5241 939 5304 iu
993 5243 1124 5311 tempus.
1141 5239 1171 5300 ι’.
1189 5237 1295 5308 Gloria,
1312 5243 1340 5297 et
1353 5240 1462 5300 honor.
1477 5244 1509 5298 P.
1524 5242 1609 5299 Ecce.

100 5321 261 5387 eordesuo
276 5343 282 5380 :
300 5325 752 5400 Veniatdieslnetuspatrismei,
763 5329 939 5395 utoccidum
1029 5329 1144 5388 Oratio.
1161 5329 1241 5397 Sicut
1256 5345 1410 5390 servorum
1423 5331 1453 5389 iu
1470 5333 1611 5402 manibus
1624 5327 1818 5398 nominoruttt

99 5409 201 5471 Jacob
213 5411 337 5481 tratrem
348 5417 695 5486 deambulassemus
708 5417 772 5479 nso
787 5416 938 5487 Rebeccae,
993 5434 1118 5488 suorum
1126 5419 1278 5486 suntoculi
1290 5438 1297 5490 ;
1310 5417 1678 5492 transcurreremus
1691 5427 1820 5490 ιιιιιιιιιῦτ

101 5515 179 5575 (1¹1ae
190 5499 323 5581 nribus.
334 5505 484 5572 tilbertus
498 5503 692 5575 lucentinus
704 5506 885 5577 suntabsit
900 5507 941 5576 nd
993 5508 1291 5598 queelpeccantibus
1301 5507 1600 5582 corrumperent
1609 5501 1819 5592 repellendum.
