4117 6175
255 252 310 316 827
884 236 1115 305 unanimum
1133 236 1335 305 GOTHICUM,
1895 234 1942 290 828

291 385 325 439 lu
338 380 493 450 aternum,
506 376 631 436 nonne
651 376 663 403 ·
682 373 838 455 permanet
855 370 979 429 verbum
995 371 1081 427 tuum
1096 368 1121 423 A
1136 382 1207 425 vam
1222 366 1231 385 ¹
1244 368 1273 422 et
1283 379 1320 421 ns
1335 360 1504 421 confundas
1522 372 1571 415 me
1585 354 1626 415 ab
1644 354 1865 429 exspectatione
1873 369 1946 417 msa.

258 472 289 531 iu
303 469 387 529 cmlo.
1170 454 1287 515 adiuva
1296 468 1355 518 me,
1368 455 1398 508 at
1413 446 1573 510 salbabor*
1584 448 1612 506 et
1622 442 1829 509 meditaborin
1841 442 1951 502 tuisia-

292 562 326 616 ln
341 557 532 630 generatione
543 553 724 628 etprogenie
738 550 847 609 veritas
861 552 922 612 tue,
1136 542 1367 607 stificetiouibus
1386 550 1516 612 umper.

293 647 436 710 Fundasti
450 650 570 714 terram,
586 648 615 700 et
634 639 816 717 permanet*
833 636 1013 697 ordinationi
1022 638 1082 693 tuse
1171 631 1310 704 Sprevisti
1332 642 1437 686 omnes
1460 623 1630 683 dicedentes
1659 639 1679 680 a
1698 620 1952 680 iustificationibus

258 737 449 812 perseverant
466 733 543 799 dies,
556 733 703 807 quoniam
720 730 861 789 universa
874 726 1006 784 serviunt
1015 722 1078 781 tibi.
1135 721 1193 779 tuis
1205 726 1220 761 ¹
1232 720 1305 794 quia
1318 718 1429 775 iniusta
1440 714 1581 786 cogitans
1593 726 1697 771 eorum
1714 714 1767 770 est.

294 825 352 883 Nisi
362 822 445 898 quod
458 822 505 881 lex
515 807 573 881 tua*
585 820 738 879 meditatio
753 832 823 877 mea
832 820 877 875 est
889 818 900 845 ⁶
911 816 982 873 tunc
995 812 1082 872 torsi·
1170 808 1415 867 Proebaricatorss
1424 802 1561 879 reputabi
1570 813 1677 860 omnes
1687 803 1860 874 peccatores
1874 800 1949 857 terra

258 917 310 975 len
332 912 477 989 perissem
489 911 521 968 in
534 909 699 969 humilitate
715 923 792 966 mea.
1134 898 1203 957 ideo
1216 896 1307 959 dilexi
1320 893 1492 955 testimonie
1505 898 1559 951 tua
1572 903 1698 965 semper.

293 1002 328 1059 ln
340 1005 484 1059 aeternum
498 1015 560 1059 non
580 998 740 1056 oblibiscar
760 994 1004 1053 iustificationum
1018 995 1083 1050 tua-
1169 987 1261 1062 infige
1275 985 1435 1045 timorituo
1447 996 1569 1043 carnem
1577 994 1679 1040 msam
1691 986 1735 1037 ¹*a
1746 977 1865 1037 iudiciis
1880 978 1951 1037 enim

257 1089 346 1150 rum'
359 1090 431 1163 quia
446 1087 477 1145 in
489 1088 561 1161 ipsis
574 1087 732 1145 vivificasti
744 1100 804 1153 me,
819 1084 954 1142 nomine.
1135 1076 1195 1137 tuis
1211 1076 1306 1135 timui.

291 1180 529 1248 Tuussumego,
544 1168 1082 1235 sulvummelae'utcustodiamiu·
1512 1163 1587 1235 byn·

258 1264 538 1324 stilicationestuss.
1416 1252 1607 1317 discussius,
1621 1262 1684 1306 ecs.

293 1358 335 1413 lle
349 1354 581 1429 expectaberunt
594 1354 778 1426 percuteres,
793 1353 826 1406 ut
834 1348 990 1421 perderent
1004 1360 1054 1404 me
1065 1348 1083 1385 ⁸
1170 1345 1245 1401 lna.
1260 1343 1376 1413 nccipr
1388 1354 1505 1399 seruum
1521 1346 1605 1397 tcum
1622 1338 1656 1396 r'n
1672 1337 1766 1395 bono:
1780 1339 1815 1396 sl
1838 1348 1901 1392 nos
1913 1348 1954 1393 oo·

257 1441 429 1505 testimonia
441 1443 542 1499 autem
562 1444 615 1498 tua
626 1456 690 1498 non
703 1438 922 1497 intellexerunt.
1137 1432 1324 1491 lucelenter
1337 1430 1411 1489 mili
1421 1428 1552 1501 caperit.

293 1530 380 1588 Omni
394 1528 643 1588 consummationi
655 1527 717 1585 vidi
730 1526 843 1585 flnem'
853 1524 949 1583 latum
956 1522 1082 1585 mande·
1170 1520 1231 1596 [av]
1244 1522 1309 1579 Feci
1320 1520 1474 1586 iudicium,
1488 1522 1517 1576 et
1529 1513 1843 1581 iusnnmsnominc,
1852 1526 1893 1571 ne
1904 1514 1954 1571 trs·

260 1617 537 1681 tumtuumsalde.
1135 1609 1191 1668 das
1206 1624 1255 1668 me
1269 1608 1518 1683 persequentibus
1531 1620 1591 1664 me.

625 1708 713 1764 ilem.
1096 1702 1120 1759 B
1170 1690 1953 1771 Exeipesersumtuuminbono‘utnoncalumnien·

499 1795 717 1866 sempiternom
726 1795 843 1866 incipit.
1135 1790 1183 1845 tarr
1198 1787 1272 1844 mihi
1287 1786 1416 1861 superbi.

296 1884 455 1955 Quomodo
469 1883 560 1942 dilexi
575 1883 674 1956 legem
687 1888 782 1954 tuem,
795 1881 922 1941 Domine
936 1880 947 1907 *
959 1883 1023 1937 tota
1034 1879 1082 1936 dis
1176 1879 1258 1937 Oculi
1276 1877 1336 1933 mei
1349 1874 1561 1934 deieceruutin
1581 1870 1703 1931 sulutmi
1716 1870 1769 1928 tuo
1788 1871 1838 1928 'et
1850 1869 1884 1926 in
1894 1867 1953 1941 {alo

261 1973 563 2032 meditatiomeaest.
1137 1966 1453 2046 quiumiuslitisetusa.

293 2064 389 2137 super
401 2062 540 2120 inimicos
549 2074 635 2119 meos
649 2060 827 2134 prudentem
839 2074 888 2115 me
897 2057 1085 2115 lecistimen·
1174 2062 1230 2117 nac
1246 2072 1315 2115 cum
1327 2069 1413 2112 servo
1428 2056 1489 2119 tuo,
1503 2050 1639 2117 Domine,
1655 2048 1821 2107 secundum
1833 2046 1953 2105 multam

258 2150 330 2210 dato
349 2154 401 2210 tuo
413 2147 425 2179 *
438 2150 512 2225 quia
529 2150 560 2208 in
575 2154 722 2207 eternum
735 2145 810 2207 mihi
833 2152 890 2212 est,
1137 2145 1375 2207 misericordiam
1392 2146 1476 2201 tuam
1492 2142 1503 2167 ·
1518 2142 1547 2198 et
1559 2138 1725 2197 seeundum
1739 2135 1954 2195 iustificationes

295 2242 389 2314 Super
402 2254 509 2297 omnes
529 2238 669 2296 docentes
681 2254 730 2294 me
745 2235 875 2294 intellexi
888 2237 899 2259 '
915 2234 987 2310 quia
1005 2234 1085 2293 testi·
1137 2244 1205 2296 tuas
1219 2238 1292 2294 doce
1308 2248 1368 2292 me.

259 2329 361 2388 monia
374 2333 427 2386 tua
439 2326 594 2385 meditatio
606 2340 675 2384 mee
688 2328 742 2382 est.
1174 2330 1282 2386 servus
1304 2330 1372 2381 tuus
1387 2337 1454 2380 sum
1468 2334 1524 2395 ego
1539 2334 1547 2377 s
1560 2318 1601 2378 da
1621 2316 1696 2375 mihi
1708 2314 1889 2374 intellectum
1902 2318 1911 2334 '
1926 2316 1954 2371 ut

294 2420 389 2491 Super
402 2416 534 2475 seniores
547 2414 678 2473 intellexi
693 2412 787 2489 'quia
800 2412 948 2472 mandata
961 2414 1013 2471 tue
1031 2427 1084 2469 ex·
1138 2417 1230 2477 sciam
1245 2412 1417 2472 testimonis
1426 2416 1490 2469 tua·

257 2504 378 2583 quisibi.
1172 2508 1300 2577 Tempus
1318 2506 1362 2561 est
1384 2497 1602 2565 benefaciendi,
1621 2496 1746 2555 bomine
1767 2491 1953 2569 'deumne

293 2594 435 2653 Abomni
448 2594 498 2652 via
510 2592 592 2651 mala
599 2589 741 2667 prohibui
752 2590 842 2666 pedes
851 2605 936 2648 meos
949 2590 959 2611 ⁶
971 2593 1004 2648 ut
1015 2604 1083 2647 cus·
1136 2600 1207 2655 runt
1219 2596 1317 2668 legem
1336 2595 1419 2648 tuam
1431 2589 1536 2663 iniqui.

259 2683 374 2743 todiam
387 2684 515 2741 verbum
524 2687 621 2740 tuum
1172 2684 1242 2743 ideo
1252 2680 1342 2745 dilexi
1351 2678 1521 2738 testimonia
1530 2676 1602 2737 tua·
1612 2690 1701 2751 super
1709 2687 1828 2741 aurum,
1836 2676 1863 2731 et
1873 2674 1951 2745 lopu-

293 2774 317 2829 Α
331 2772 449 2832 iudiciis
459 2774 518 2832 tuis
532 2787 595 2831 nou
606 2768 859 2845 decnnabi·quia
872 2772 906 2828 tn
917 2768 1016 2841 legem
1029 2782 1083 2843 po·
1137 2774 1211 2832 zion.

259 2860 345 2920 suisti
360 2862 445 2919 mihi.
1010 2859 1014 2863 “
1171 2864 1330 2934 Propterea
1343 2857 1383 2916 sd
1393 2856 1495 2915 omnia
1505 2854 1649 2913 mandata
1658 2850 1955 2925 tuadirigubwom·

294 2950 391 3016 Quam
403 2948 503 3009 dulcia
517 2948 654 3007 lancibus
673 2948 749 3005 meis
765 2945 884 3020 eloquia
905 2950 957 3005 tua
971 2947 1084 3020 'super
1137 2966 1208 3008 nem
1216 2948 1299 3007 uam
1314 2944 1482 3020 iniquitatis
1496 2942 1565 3001 odic
1580 2941 1674 3001 hebui
1787 2940 1789 2943 ’

259 3036 331 3106 mel,
344 3040 373 3094 et
384 3036 491 3095 fabum
505 3038 550 3095 ori
568 3051 646 3094 meo.
1098 3052 1119 3112 ρ
1516 3032 1585 3093 Phe.

294 3122 434 3182 liandata
448 3127 499 3183 tua
509 3120 639 3182 intellexi
648 3125 657 3146 ¹
665 3127 824 3198 propterea
834 3123 1004 3182 odiohabui
1017 3139 1083 3182 om·
1432 3111 1526 3184 Oa...¹
1539 3121 1665 3184 iustitio.

258 3228 329 3273 uem
341 3213 610 3288 viaminiquitatis.
1171 3215 1314 3276 Mirabilia
1328 3213 1572 3280 testimoniatus,
1585 3210 1708 3269 nomine
1728 3207 1819 3266 'ideo
1833 3207 1955 3264 mactata

365 3303 368 3306 ⁴
630 3303 706 3360 Nun·
1136 3306 1293 3366 estanima
1308 3319 1386 3362 mea.

522 3388 708 3461 Semvilemss
730 3389 814 3447 vitio·
1171 3393 1336 3453 Declaratio
1349 3403 1523 3449 sermonum
1535 3394 1657 3449 tuorum
1670 3386 1828 3446 inluminet
1840 3397 1889 3444 me
1902 3387 1916 3420 ⁸
1928 3383 1954 3440 et

293 3491 427 3546 Lucerna
437 3486 566 3561 pedibus
578 3487 653 3544 meis
665 3486 793 3545 verbum
811 3489 907 3557 tuum,
928 3484 1053 3543 Domine
1066 3487 1083 3520 *
1135 3485 1318 3544 intellectum
1332 3482 1383 3539 del
1399 3480 1543 3556 parvulis.

259 3578 403 3635 etlumen
416 3576 628 3634 semitismeis.
1172 3575 1211 3631 os
1229 3585 1332 3629 meum
1340 3569 1456 3643 aperui,
1467 3573 1496 3627 et
1504 3567 1617 3628 adnexi
1625 3566 1761 3642 spiritum
1775 3563 1867 3640 ‘quia
1876 3575 1953 3620 man-

293 3665 546 3736 1urabi2tilstetui
560 3665 571 3687 '
585 3662 735 3723 custodire
749 3662 861 3723 iudicis
883 3662 1000 3722 iustitia
1012 3665 1080 3722 tum.
1136 3666 1208 3722 data
1221 3665 1273 3718 lua
1285 3659 1547 3745 concupiscebam.

292 3752 468 3810 iinmilielus
484 3769 552 3812 sum
563 3767 789 3828 usquequaque,
802 3751 928 3823 Domipe
942 3758 951 3775 ·
965 3751 1083 3821 vivifica
1171 3751 1293 3824 Respice
1306 3749 1337 3808 in
1349 3757 1408 3816 me,
1418 3749 1447 3807 et
1460 3747 1674 3806 misereremei
1687 3745 1871 3804 'secundum
1883 3739 1953 3800 iudi·

259 3857 310 3902 me
324 3841 491 3907 secundum
501 3842 629 3906 verbum
639 3844 733 3903 tuum.
1137 3841 1218 3901 eium
1232 3839 1419 3912 diligentium
1430 3852 1542 3896 nomen
1556 3841 1652 3894 tuum.

295 3930 466 3989 Voluntaria
480 3931 541 3988 oris
555 3930 616 3988 mei
628 3931 804 4006 comproba,
816 3929 941 3988 Domine
951 3928 1084 3989 'etiudi
1174 3931 1298 3988 Gressus
1312 3943 1396 3985 meos
1406 3925 1500 3998 dirige
1515 3926 1681 3983 secundum
1692 3923 1930 3998 eloquiumtuum
1945 3917 1953 3935 ‘

260 4021 307 4083 cia
321 4019 464 4088 tuadoce
474 4035 533 4076 me.
1138 4023 1170 4077 ut
1180 4018 1423 4076 nondomineiur
1437 4013 1511 4074 mihi
1523 4015 1621 4076 omnis
1633 4012 1787 4072 iniustitia.

293 4109 401 4165 Anima
415 4109 528 4165 masin
542 4107 684 4164 manibus
705 4105 763 4165 tuis
775 4121 895 4179 semper
910 4109 921 4131 *
935 4110 965 4167 et
987 4106 1082 4180 legem
1175 4109 1250 4165 Erue
1264 4121 1311 4166 me
1326 4120 1345 4163 a
1365 4105 1522 4166 calumniis
1545 4100 1722 4164 hominum*
1740 4106 1773 4161 ut
1797 4098 1950 4161 custodian

258 4199 497 4262 inamoenum
512 4195 634 4252 obuius.
1138 4199 1360 4274 praeoptatus.

296 4281 852 4356 ensueruntpeccsscreslaqueosmibi
865 4288 881 4324 ¹*
895 4283 1084 4345 clamanda·
1174 4285 1292 4342 Faciem
1311 4290 1394 4341 tuam
1412 4282 1537 4341 ostende
1554 4297 1644 4360 super
1660 4296 1779 4340 sermm
1797 4283 1881 4339 tuum
1904 4275 1950 4330 'el

261 4369 300 4435 lis
314 4371 375 4432 tuis
390 4386 452 4431 non
469 4371 575 4431 errabi.
1099 4399 1122 4454 D
1138 4372 1213 4431 doce
1223 4389 1272 4430 me
1285 4371 1511 4430 iustificationes
1521 4375 1600 4432 tuas.

296 4459 493 4517 Hereditatem
516 4458 667 4533 adquisibi
688 4458 860 4521 testimonia
880 4465 932 4518 tua
946 4459 978 4526 in
1002 4466 1084 4520 ater·
1175 4461 1264 4520 nives
1277 4461 1503 4534 lachrymarum
1512 4458 1701 4521 deduxerunt
1709 4449 1946 4536 oculiimei'qult

258 4563 334 4619 num
349 4549 360 4572 *
375 4549 447 4624 quia
459 4548 601 4606 exultatio
613 4548 714 4607 cordis
727 4549 787 4606 mei
801 4553 833 4607 tu
847 4564 892 4606 es.
1138 4561 1201 4606 nou
1217 4549 1421 4607 custodierunt
1433 4548 1530 4621 legem
1545 4550 1639 4606 tuam.

293 4636 437 4695 inclinabi
452 4652 621 4695 cormeum
632 4638 672 4695 ad
690 4636 843 4706 iaciendas
856 4637 1083 4708 iustificationes
1506 4637 1593 4696 Sada.

256 4729 325 4786 tues
335 4726 352 4760 ¹*
364 4729 486 4802 propter
497 4728 642 4787 uternam
653 4725 893 4786 retributionem.
1419 4726 1549 4784 lustitia
1562 4725 1667 4784 inscia

610 4818 727 4875 samec.
1171 4818 1248 4874 ena.
1269 4814 1555 4874 cremuettmeaetas
1567 4813 1672 4874 mmor
1683 4816 1753 4884 tus,
1767 4801 1947 4885 seminini&

505 4905 688 4968 Aditcrs'um.
706 4904 827 4964 Oculus.
1136 4905 1197 4962 mei
1213 4903 1304 4960 voda
1319 4909 1373 4960 tuo
1386 4903 1473 4960 oblati
1486 4907 1566 4960 sant.

292 4991 414 5066 iniquos
426 4992 497 5050 odie
510 4991 614 5058 habui,
626 4996 655 5049 et
669 4990 863 5057 abominatus
882 5006 951 5051 snm
963 4991 971 5010 ¹
983 4990 1082 5062 legem
1171 4996 1271 5050 iustus
1285 5007 1317 5049 es
1330 4991 1456 5050 Domine
1468 4992 1477 5012 '
1490 4995 1521 5050 el
1530 4995 1647 5049 rectum
1658 4989 1806 5048 iudicium
1816 4991 1905 5048 tuum.

257 5084 360 5138 autem
374 5084 459 5137 tuem
478 5079 580 5145 dilexi,
592 5079 725 5138 Domine.
1170 5077 1318 5137 Mendesii
1329 5078 1485 5148 iudicium,
1500 5081 1530 5136 el
1547 5077 1720 5137 testimonie
1732 5081 1785 5135 tua
1795 5078 1804 5098 ⁸
1816 5079 1844 5134 et
1854 5070 1943 5132 verita

291 5166 415 5226 Adiutor
427 5171 457 5226 et
467 5171 621 5242 susceptor
638 5183 725 5224 meus
739 5183 772 5224 es
783 5170 834 5225 tu*
847 5170 876 5225 ct
887 5166 918 5223 in
928 5165 1080 5225 verbotuo
1135 5173 1195 5227 tem
1209 5172 1292 5227 tuam
1303 5167 1402 5224 nimis.

258 5254 389 5331 sperabi.
403 5286 405 5289 ·
1171 5255 1318 5315 cremavit
1328 5271 1376 5314 me
1391 5254 1471 5313 zelus
1485 5255 1594 5313 domus
1608 5259 1667 5312 tue
1681 5257 1691 5278 '
1704 5253 1778 5328 qula
1791 5251 1872 5311 obliti
1884 5245 1941 5305 sunl

291 5342 440 5401 Decllnste
458 5357 478 5400 a
497 5355 547 5400 me
564 5341 765 5413 malignantes
786 5343 802 5378 *
822 5346 851 5401 et
871 5343 1080 5417 prescrutabor
1133 5343 1289 5401 verbetue
1305 5343 1418 5401 inimici
1432 5344 1503 5401 mei.

257 5429 548 5490 mandatsneinsi.
1169 5431 1298 5502 Ignitum
1317 5431 1472 5506 eloquium
1485 5431 1675 5491 tunmvslde
1689 5433 1699 5451 '
1713 5435 1741 5490 et
1756 5443 1857 5489 servus
1881 5429 1937 5482 tuus

294 5519 418 5593 suscipe
438 5533 488 5578 me
509 5517 677 5578 secundum
696 5517 850 5592 eloquium
869 5521 966 5590 mum,
986 5524 1021 5580 ut
1034 5520 1078 5580 si·
1134 5517 1329 5578 dilexiliilud.
1828 5515 1832 5518 ’
