<?xml version="1.0" encoding="UTF-8"?>
<!DOCTYPE html PUBLIC "-//W3C//DTD XHTML 1.0 Transitional//EN"
    "http://www.w3.org/TR/xhtml1/DTD/xhtml1-transitional.dtd">
<html xmlns="http://www.w3.org/1999/xhtml" xml:lang="en" lang="en">
 <head>
  <title>
</title>
<meta http-equiv="Content-Type" content="text/html;charset=utf-8" />
  <meta name='ocr-system' content='tesseract 3.04.00' />
  <meta name='ocr-capabilities' content='ocr_page ocr_carea ocr_par ocr_line ocrx_word'/>
</head>
<body>
  <div class='ocr_page' id='page_1' title='image "./patrologiaecurs129unkngoog_0314.png"; bbox 0 0 4117 6175; ppageno 0'>
   <div class='ocr_carea' id='block_1_1' title="bbox 259 240 1960 323">
    <p class='ocr_par' dir='ltr' id='par_1_1' title="bbox 259 188 2038 323">
     <span class='ocr_line' id='line_1_1' title="bbox 259 240 1960 323; baseline -0.006 5"><span class='ocrx_word' id='word_1_1' title='bbox 259 243 315 322; x_wconf 77' lang='lat' dir='ltr'><strong>ca</strong></span> <span class='ocrx_word' id='word_1_2' title='bbox 842 240 1337 323; x_wconf 59' lang='lat' dir='ltr'><strong>vsissinius(roiricus.</strong></span> <span class='ocrx_word' id='word_1_3' title='bbox 1913 244 1960 319; x_wconf 77' lang='grc' dir='ltr'><strong>ιι</strong></span> 
     </span>
    </p>
   </div>
   <div class='ocr_carea' id='block_1_2' title="bbox 220 379 2038 5597">
    <p class='ocr_par' dir='ltr' id='par_1_2' title="bbox 220 379 2038 5597">
     <span class='ocr_line' id='line_1_2' title="bbox 418 379 1961 459; baseline -0.002 -14"><span class='ocrx_word' id='word_1_4' title='bbox 418 379 609 455; x_wconf 79' lang='lat' dir='ltr'><strong>iiuasumus,</strong></span> <span class='ocrx_word' id='word_1_5' title='bbox 621 381 726 447; x_wconf 84' lang='lat' dir='ltr'><strong>auctor</strong></span> <span class='ocrx_word' id='word_1_6' title='bbox 736 385 883 454; x_wconf 87' lang='lat' dir='ltr'><strong>omnium,</strong></span> <span class='ocrx_word' id='word_1_7' title='bbox 1105 386 1130 445; x_wconf 78' lang='lat' dir='ltr'>A</span> <span class='ocrx_word' id='word_1_8' title='bbox 1179 387 1363 459; x_wconf 76' lang='lat' dir='ltr'><strong>Anttpionc.</strong></span> <span class='ocrx_word' id='word_1_9' title='bbox 1373 382 1505 445; x_wconf 72' lang='lat' dir='ltr'><strong>Absmu</strong></span> <span class='ocrx_word' id='word_1_10' title='bbox 1516 386 1560 442; x_wconf 89' lang='lat' dir='ltr'><strong>est</strong></span> <span class='ocrx_word' id='word_1_11' title='bbox 1573 397 1655 443; x_wconf 88' lang='lat' dir='ltr'><strong>mors</strong></span> <span class='ocrx_word' id='word_1_12' title='bbox 1670 382 1702 443; x_wconf 90' lang='lat' dir='ltr'><strong>in</strong></span> <span class='ocrx_word' id='word_1_13' title='bbox 1711 382 1845 442; x_wconf 81' lang='lat' dir='ltr'><strong>victorie.</strong></span> <span class='ocrx_word' id='word_1_14' title='bbox 1856 382 1912 442; x_wconf 85' lang='lat' dir='ltr'><strong>Ubi</strong></span> <span class='ocrx_word' id='word_1_15' title='bbox 1923 386 1961 443; x_wconf 88' lang='lat' dir='ltr'><strong>est</strong></span> 
     </span>
     <span class='ocr_line' id='line_1_3' title="bbox 430 470 2038 550; baseline -0.001 -15"><span class='ocrx_word' id='word_1_16' title='bbox 430 475 488 535; x_wconf 91' lang='lat' dir='ltr'><strong>hoc</strong></span> <span class='ocrx_word' id='word_1_17' title='bbox 500 475 635 538; x_wconf 86' lang='lat' dir='ltr'><strong>Pascbali</strong></span> <span class='ocrx_word' id='word_1_18' title='bbox 648 476 760 550; x_wconf 88' lang='lat' dir='ltr'><strong>gaudio</strong></span> <span class='ocrx_word' id='word_1_19' title='bbox 1144 493 1225 537; x_wconf 90' lang='lat' dir='ltr'><strong>mors</strong></span> <span class='ocrx_word' id='word_1_20' title='bbox 1235 474 1475 535; x_wconf 77' lang='lat' dir='ltr'><strong>vicionatua‘iP.</strong></span> <span class='ocrx_word' id='word_1_21' title='bbox 1488 472 1543 533; x_wconf 85' lang='lat' dir='ltr'><strong>Ubi</strong></span> <span class='ocrx_word' id='word_1_22' title='bbox 1552 475 1595 531; x_wconf 91' lang='lat' dir='ltr'><strong>est</strong></span> <span class='ocrx_word' id='word_1_23' title='bbox 1605 488 1687 531; x_wconf 92' lang='lat' dir='ltr'><strong>mors</strong></span> <span class='ocrx_word' id='word_1_24' title='bbox 1699 470 1822 530; x_wconf 88' lang='lat' dir='ltr'><strong>aculeus</strong></span> <span class='ocrx_word' id='word_1_25' title='bbox 1836 472 1960 534; x_wconf 80' lang='lat' dir='ltr'><strong>inusti.</strong></span> <span class='ocrx_word' id='word_1_26' title='bbox 2037 518 2038 549; x_wconf 77' lang='lat'><strong>,</strong></span> 
     </span>
     <span class='ocr_line' id='line_1_4' title="bbox 454 560 1960 641; baseline -0.003 -19"><span class='ocrx_word' id='word_1_27' title='bbox 454 563 538 622; x_wconf 91' lang='lat' dir='ltr'><strong>omni</strong></span> <span class='ocrx_word' id='word_1_28' title='bbox 555 563 660 623; x_wconf 91' lang='lat' dir='ltr'><strong>mortis</strong></span> <span class='ocrx_word' id='word_1_29' title='bbox 677 564 792 639; x_wconf 87' lang='lat' dir='ltr'><strong>impetu</strong></span> <span class='ocrx_word' id='word_1_30' title='bbox 1142 566 1261 641; x_wconf 78' lang='lat' dir='ltr'>Propter</span> <span class='ocrx_word' id='word_1_31' title='bbox 1275 563 1427 621; x_wconf 89' lang='lat' dir='ltr'><strong>miseriam</strong></span> <span class='ocrx_word' id='word_1_32' title='bbox 1440 562 1576 639; x_wconf 88' lang='lat' dir='ltr'>inopum,</span> <span class='ocrx_word' id='word_1_33' title='bbox 1590 562 1619 619; x_wconf 91' lang='lat' dir='ltr'><strong>ct</strong></span> <span class='ocrx_word' id='word_1_34' title='bbox 1632 560 1777 636; x_wconf 79' lang='lat' dir='ltr'><strong>gemitum</strong></span> <span class='ocrx_word' id='word_1_35' title='bbox 1790 573 1960 637; x_wconf 85' lang='lat' dir='ltr'><strong>pauperum,</strong></span> 
     </span>
     <span class='ocr_line' id='line_1_5' title="bbox 382 634 2038 727; baseline -0.002 -16"><span class='ocrx_word' id='word_1_36' title='bbox 382 655 479 720; x_wconf 80' lang='lat' dir='ltr'><strong>Tuum</strong></span> <span class='ocrx_word' id='word_1_37' title='bbox 490 642 616 713; x_wconf 87' lang='lat' dir='ltr'><strong>doioude</strong></span> <span class='ocrx_word' id='word_1_38' title='bbox 630 652 788 727; x_wconf 88' lang='lat' dir='ltr'><strong>populum.</strong></span> <span class='ocrx_word' id='word_1_39' title='bbox 1140 669 1223 712; x_wconf 89' lang='lat' dir='ltr'><strong>nunc</strong></span> <span class='ocrx_word' id='word_1_40' title='bbox 1241 667 1397 725; x_wconf 87' lang='lat' dir='ltr'><strong>exurgam,</strong></span> <span class='ocrx_word' id='word_1_41' title='bbox 1413 650 1485 708; x_wconf 89' lang='lat' dir='ltr'><strong>dicit</strong></span> <span class='ocrx_word' id='word_1_42' title='bbox 1493 650 1650 707; x_wconf 88' lang='lat' dir='ltr'><strong>Dominus.</strong></span> <span class='ocrx_word' id='word_1_43' title='bbox 1663 651 1780 707; x_wconf 82' lang='lat' dir='ltr'><strong>Ponam</strong></span> <span class='ocrx_word' id='word_1_44' title='bbox 1790 648 1822 706; x_wconf 92' lang='lat' dir='ltr'><strong>in</strong></span> <span class='ocrx_word' id='word_1_45' title='bbox 1846 648 1961 707; x_wconf 88' lang='lat' dir='ltr'><strong>salutari</strong></span> <span class='ocrx_word' id='word_1_46' title='bbox 2037 634 2038 669; x_wconf 52' lang='lat'><em>&#39;</em></span> 
     </span>
     <span class='ocr_line' id='line_1_6' title="bbox 418 736 1959 812; baseline -0.004 -12"><span class='ocrx_word' id='word_1_47' title='bbox 418 740 518 800; x_wconf 81' lang='lat' dir='ltr'><strong>Gloria</strong></span> <span class='ocrx_word' id='word_1_48' title='bbox 531 740 596 809; x_wconf 90' lang='lat' dir='ltr'><strong>tibi,</strong></span> <span class='ocrx_word' id='word_1_49' title='bbox 610 740 747 809; x_wconf 82' lang='lat' dir='ltr'><strong>Domine,</strong></span> <span class='ocrx_word' id='word_1_50' title='bbox 1143 750 1193 801; x_wconf 89' lang='lat' dir='ltr'><strong>tuo</strong></span> <span class='ocrx_word' id='word_1_51' title='bbox 1209 758 1215 799; x_wconf 94' lang='lat'><strong>:</strong></span> <span class='ocrx_word' id='word_1_52' title='bbox 1232 740 1410 803; x_wconf 83' lang='lat' dir='ltr'><strong>fiducialiter</strong></span> <span class='ocrx_word' id='word_1_53' title='bbox 1420 756 1512 812; x_wconf 91' lang='lat' dir='ltr'><strong>agam</strong></span> <span class='ocrx_word' id='word_1_54' title='bbox 1521 739 1552 797; x_wconf 93' lang='lat' dir='ltr'><strong>in</strong></span> <span class='ocrx_word' id='word_1_55' title='bbox 1562 754 1608 798; x_wconf 86' lang='lat' dir='ltr'><strong>ao.</strong></span> <span class='ocrx_word' id='word_1_56' title='bbox 1619 739 1650 796; x_wconf 88' lang='lat' dir='ltr'><strong>P.</strong></span> <span class='ocrx_word' id='word_1_57' title='bbox 1665 738 1719 798; x_wconf 88' lang='lat' dir='ltr'><strong>Ubi</strong></span> <span class='ocrx_word' id='word_1_58' title='bbox 1729 743 1776 797; x_wconf 88' lang='lat' dir='ltr'><strong>est</strong></span> <span class='ocrx_word' id='word_1_59' title='bbox 1786 740 1801 795; x_wconf 88' lang='lat' dir='ltr'><strong>‘l</strong></span> <span class='ocrx_word' id='word_1_60' title='bbox 1812 738 1845 800; x_wconf 73' lang='lat' dir='ltr'><strong>i·</strong></span> <span class='ocrx_word' id='word_1_61' title='bbox 1857 736 1959 806; x_wconf 78' lang='lat' dir='ltr'><strong>Gloria,</strong></span> 
     </span>
     <span class='ocr_line' id='line_1_7' title="bbox 384 828 1489 899; baseline 0 -14"><span class='ocrx_word' id='word_1_62' title='bbox 384 830 440 898; x_wconf 78' lang='lat' dir='ltr'><strong>Qui</strong></span> <span class='ocrx_word' id='word_1_63' title='bbox 456 828 607 888; x_wconf 81' lang='lat' dir='ltr'><strong>surrexisti</strong></span> <span class='ocrx_word' id='word_1_64' title='bbox 619 846 637 887; x_wconf 89' lang='lat' dir='ltr'><strong>a</strong></span> <span class='ocrx_word' id='word_1_65' title='bbox 656 829 801 899; x_wconf 89' lang='lat' dir='ltr'><strong>mortuis;</strong></span> <span class='ocrx_word' id='word_1_66' title='bbox 1140 834 1169 888; x_wconf 90' lang='lat' dir='ltr'><strong>et</strong></span> <span class='ocrx_word' id='word_1_67' title='bbox 1182 829 1289 889; x_wconf 90' lang='lat' dir='ltr'><strong>bonor.</strong></span> <span class='ocrx_word' id='word_1_68' title='bbox 1306 830 1337 886; x_wconf 89' lang='lat' dir='ltr'><strong>P.</strong></span> <span class='ocrx_word' id='word_1_69' title='bbox 1355 829 1408 887; x_wconf 88' lang='lat' dir='ltr'><strong>Ubi</strong></span> <span class='ocrx_word' id='word_1_70' title='bbox 1421 829 1489 886; x_wconf 80' lang='lat' dir='ltr'><strong>esti</strong></span> 
     </span>
     <span class='ocr_line' id='line_1_8' title="bbox 386 917 1581 992; baseline -0.003 -17"><span class='ocrx_word' id='word_1_71' title='bbox 386 919 459 976; x_wconf 91' lang='lat' dir='ltr'><strong>Gum</strong></span> <span class='ocrx_word' id='word_1_72' title='bbox 474 919 568 990; x_wconf 90' lang='lat' dir='ltr'><strong>Patre,</strong></span> <span class='ocrx_word' id='word_1_73' title='bbox 592 918 701 976; x_wconf 88' lang='lat' dir='ltr'><strong>Sancto</strong></span> <span class='ocrx_word' id='word_1_74' title='bbox 719 917 838 992; x_wconf 89' lang='lat' dir='ltr'><strong>Spiritu,</strong></span> <span class='ocrx_word' id='word_1_75' title='bbox 1176 920 1320 977; x_wconf 82' lang='lat' dir='ltr'><strong>Dominus</strong></span> <span class='ocrx_word' id='word_1_76' title='bbox 1335 919 1383 975; x_wconf 82' lang='lat' dir='ltr'><strong>sii.</strong></span> <span class='ocrx_word' id='word_1_77' title='bbox 1404 930 1436 991; x_wconf 70' lang='grc' dir='ltr'><strong>ιι.</strong></span> <span class='ocrx_word' id='word_1_78' title='bbox 1452 920 1486 976; x_wconf 84' lang='lat' dir='ltr'><strong>Et</strong></span> <span class='ocrx_word' id='word_1_79' title='bbox 1500 931 1581 975; x_wconf 90' lang='lat' dir='ltr'><strong>cum.</strong></span> 
     </span>
     <span class='ocr_line' id='line_1_9' title="bbox 383 1000 2038 1089; baseline 0.001 -29"><span class='ocrx_word' id='word_1_80' title='bbox 383 1002 418 1063; x_wconf 90' lang='lat' dir='ltr'><strong>ln</strong></span> <span class='ocrx_word' id='word_1_81' title='bbox 431 1006 612 1081; x_wconf 90' lang='lat' dir='ltr'><strong>sempiterna</strong></span> <span class='ocrx_word' id='word_1_82' title='bbox 626 1001 750 1065; x_wconf 74' lang='lat' dir='ltr'><strong>amoma.</strong></span> <span class='ocrx_word' id='word_1_83' title='bbox 1176 1008 1291 1065; x_wconf 85' lang='lat' dir='ltr'><strong>Lauda.</strong></span> <span class='ocrx_word' id='word_1_84' title='bbox 1305 1000 1464 1063; x_wconf 82' lang='lat' dir='ltr'><strong>Radamisti</strong></span> <span class='ocrx_word' id='word_1_85' title='bbox 1476 1021 1544 1076; x_wconf 91' lang='lat' dir='ltr'><strong>nos,</strong></span> <span class='ocrx_word' id='word_1_86' title='bbox 1562 1004 1695 1073; x_wconf 88' lang='lat' dir='ltr'><strong>Domine,</strong></span> <span class='ocrx_word' id='word_1_87' title='bbox 1710 1004 1858 1075; x_wconf 90' lang='lat' dir='ltr'><strong>sanguina</strong></span> <span class='ocrx_word' id='word_1_88' title='bbox 1867 1006 1919 1061; x_wconf 90' lang='lat' dir='ltr'><strong>ino</strong></span> <span class='ocrx_word' id='word_1_89' title='bbox 1930 1019 1962 1062; x_wconf 85' lang='lat' dir='ltr'><strong>ex</strong></span> <span class='ocrx_word' id='word_1_90' title='bbox 2037 1022 2038 1089; x_wconf 17' lang='grc' dir='ltr'><strong>ἐ</strong></span> 
     </span>
     <span class='ocr_line' id='line_1_10' title="bbox 416 1090 2038 1167; baseline -0.001 -14"><span class='ocrx_word' id='word_1_91' title='bbox 416 1098 522 1155; x_wconf 76' lang='lat' dir='ltr'><strong>Amen.</strong></span> <span class='ocrx_word' id='word_1_92' title='bbox 1140 1094 1320 1163; x_wconf 90' lang='lat' dir='ltr'><strong>omuitribu‚</strong></span> <span class='ocrx_word' id='word_1_93' title='bbox 1330 1093 1469 1167; x_wconf 88' lang='lat' dir='ltr'><strong>etlingua</strong></span> <span class='ocrx_word' id='word_1_94' title='bbox 1484 1110 1490 1151; x_wconf 90' lang='lat'>:</span> <span class='ocrx_word' id='word_1_95' title='bbox 1506 1092 1538 1149; x_wconf 88' lang='lat' dir='ltr'><strong>P.</strong></span> <span class='ocrx_word' id='word_1_96' title='bbox 1554 1096 1587 1150; x_wconf 85' lang='lat' dir='ltr'><strong>lit</strong></span> <span class='ocrx_word' id='word_1_97' title='bbox 1597 1092 1689 1150; x_wconf 86' lang='lat' dir='ltr'><strong>iecisti</strong></span> <span class='ocrx_word' id='word_1_98' title='bbox 1702 1106 1895 1163; x_wconf 87' lang='lat' dir='ltr'><strong>nosregnum</strong></span> <span class='ocrx_word' id='word_1_99' title='bbox 1907 1090 1961 1151; x_wconf 88' lang='lat' dir='ltr'><strong>Deo</strong></span> <span class='ocrx_word' id='word_1_100' title='bbox 2037 1102 2038 1121; x_wconf 66' lang='lat'>¹</span> 
     </span>
     <span class='ocr_line' id='line_1_11' title="bbox 291 1179 1962 1259; baseline -0.003 -16"><span class='ocrx_word' id='word_1_101' title='bbox 291 1180 490 1257; x_wconf 81' lang='lat' dir='ltr'><strong>Supplicatio.</strong></span> <span class='ocrx_word' id='word_1_102' title='bbox 502 1182 865 1259; x_wconf 84' lang='lat' dir='ltr'><strong>Oramusiiedemptorom</strong></span> <span class='ocrx_word' id='word_1_103' title='bbox 875 1179 1087 1240; x_wconf 90' lang='lat' dir='ltr'><strong>mundiDomi-</strong></span> <span class='ocrx_word' id='word_1_104' title='bbox 1140 1182 1392 1243; x_wconf 78' lang='lat' dir='ltr'><strong>nostraalieiuie.</strong></span> <span class='ocrx_word' id='word_1_105' title='bbox 1407 1182 1438 1245; x_wconf 83' lang='lat' dir='ltr'><strong>ii.</strong></span> <span class='ocrx_word' id='word_1_106' title='bbox 1452 1183 1577 1240; x_wconf 90' lang='lat' dir='ltr'><strong>Domine</strong></span> <span class='ocrx_word' id='word_1_107' title='bbox 1586 1182 1665 1238; x_wconf 88' lang='lat' dir='ltr'><strong>Deus</strong></span> <span class='ocrx_word' id='word_1_108' title='bbox 1675 1182 1818 1238; x_wconf 83' lang='lat' dir='ltr'><strong>virtutum</strong></span> <span class='ocrx_word' id='word_1_109' title='bbox 1827 1188 1962 1239; x_wconf 81' lang='lat' dir='ltr'><strong>converte</strong></span> 
     </span>
     <span class='ocr_line' id='line_1_12' title="bbox 256 1267 1962 1346; baseline -0.002 -16"><span class='ocrx_word' id='word_1_110' title='bbox 256 1289 331 1331; x_wconf 90' lang='lat' dir='ltr'><strong>num</strong></span> <span class='ocrx_word' id='word_1_111' title='bbox 340 1278 477 1330; x_wconf 87' lang='lat' dir='ltr'><strong>nostrum</strong></span> <span class='ocrx_word' id='word_1_112' title='bbox 485 1271 587 1331; x_wconf 88' lang='lat' dir='ltr'><strong>iesum</strong></span> <span class='ocrx_word' id='word_1_113' title='bbox 594 1273 758 1330; x_wconf 78' lang='lat' dir='ltr'><strong>Christum:</strong></span> <span class='ocrx_word' id='word_1_114' title='bbox 768 1290 838 1330; x_wconf 92' lang='lat' dir='ltr'><strong>cum</strong></span> <span class='ocrx_word' id='word_1_115' title='bbox 848 1271 1084 1346; x_wconf 88' lang='lat' dir='ltr'><strong>omnisuppiica·</strong></span> <span class='ocrx_word' id='word_1_116' title='bbox 1139 1286 1216 1329; x_wconf 88' lang='lat' dir='ltr'><strong>nos:</strong></span> <span class='ocrx_word' id='word_1_117' title='bbox 1234 1270 1393 1328; x_wconf 88' lang='lat' dir='ltr'><strong>etosiende</strong></span> <span class='ocrx_word' id='word_1_118' title='bbox 1404 1269 1509 1329; x_wconf 80' lang='lat' dir='ltr'><strong>faciem</strong></span> <span class='ocrx_word' id='word_1_119' title='bbox 1519 1276 1613 1336; x_wconf 89' lang='lat' dir='ltr'><strong>tuum,</strong></span> <span class='ocrx_word' id='word_1_120' title='bbox 1625 1274 1654 1326; x_wconf 88' lang='lat' dir='ltr'><strong>et</strong></span> <span class='ocrx_word' id='word_1_121' title='bbox 1665 1267 1739 1325; x_wconf 83' lang='lat' dir='ltr'><strong>salvi</strong></span> <span class='ocrx_word' id='word_1_122' title='bbox 1750 1272 1874 1326; x_wconf 89' lang='lat' dir='ltr'><strong>erimus.</strong></span> <span class='ocrx_word' id='word_1_123' title='bbox 1890 1268 1922 1326; x_wconf 94' lang='lat' dir='ltr'><strong>P.</strong></span> <span class='ocrx_word' id='word_1_124' title='bbox 1935 1270 1962 1327; x_wconf 83' lang='lat' dir='ltr'><strong>Ei</strong></span> 
     </span>
     <span class='ocr_line' id='line_1_13' title="bbox 257 1356 2038 1433; baseline -0.002 -15"><span class='ocrx_word' id='word_1_125' title='bbox 257 1362 337 1419; x_wconf 87' lang='lat' dir='ltr'><strong>tione</strong></span> <span class='ocrx_word' id='word_1_126' title='bbox 355 1376 518 1433; x_wconf 90' lang='lat' dir='ltr'><strong>rogemus;</strong></span> <span class='ocrx_word' id='word_1_127' title='bbox 533 1366 564 1417; x_wconf 89' lang='lat' dir='ltr'><strong>ut</strong></span> <span class='ocrx_word' id='word_1_128' title='bbox 575 1377 632 1420; x_wconf 90' lang='lat' dir='ltr'><strong>nos</strong></span> <span class='ocrx_word' id='word_1_129' title='bbox 658 1360 753 1431; x_wconf 88' lang='lat' dir='ltr'><strong>gloria</strong></span> <span class='ocrx_word' id='word_1_130' title='bbox 778 1358 1002 1418; x_wconf 87' lang='lat' dir='ltr'><strong>resurrectionis</strong></span> <span class='ocrx_word' id='word_1_131' title='bbox 1021 1374 1085 1415; x_wconf 86' lang='lat' dir='ltr'><strong>suae</strong></span> <span class='ocrx_word' id='word_1_132' title='bbox 1140 1359 1231 1417; x_wconf 87' lang='lat' dir='ltr'><strong>iecisti</strong></span> <span class='ocrx_word' id='word_1_133' title='bbox 1245 1376 1310 1417; x_wconf 90' lang='lat' dir='ltr'><strong>nos.</strong></span> <span class='ocrx_word' id='word_1_134' title='bbox 1321 1358 1352 1422; x_wconf 72' lang='lat' dir='ltr'><strong>i.</strong></span> <span class='ocrx_word' id='word_1_135' title='bbox 1368 1358 1476 1430; x_wconf 82' lang='lat' dir='ltr'><strong>Gloria,</strong></span> <span class='ocrx_word' id='word_1_136' title='bbox 1488 1361 1515 1417; x_wconf 86' lang='lat' dir='ltr'><strong>ei</strong></span> <span class='ocrx_word' id='word_1_137' title='bbox 1525 1359 1622 1417; x_wconf 90' lang='lat' dir='ltr'><strong>honor</strong></span> <span class='ocrx_word' id='word_1_138' title='bbox 1636 1356 1723 1415; x_wconf 86' lang='lat' dir='ltr'><strong>Patri.</strong></span> <span class='ocrx_word' id='word_1_139' title='bbox 1737 1358 1767 1417; x_wconf 91' lang='lat' dir='ltr'><strong>P.</strong></span> <span class='ocrx_word' id='word_1_140' title='bbox 1781 1360 1815 1415; x_wconf 81' lang='lat' dir='ltr'><strong>lit</strong></span> <span class='ocrx_word' id='word_1_141' title='bbox 1826 1356 1930 1415; x_wconf 85' lang='lat' dir='ltr'><strong>iecisti.</strong></span> <span class='ocrx_word' id='word_1_142' title='bbox 2037 1364 2038 1427; x_wconf 54' lang='grc' dir='ltr'>ζ</span> 
     </span>
     <span class='ocr_line' id='line_1_14' title="bbox 256 1443 1962 1523; baseline -0.001 -18"><span class='ocrx_word' id='word_1_143' title='bbox 256 1449 401 1523; x_wconf 91' lang='lat' dir='ltr'><strong>propitius</strong></span> <span class='ocrx_word' id='word_1_144' title='bbox 419 1449 585 1521; x_wconf 80' lang='lat' dir='ltr'><strong>justificare</strong></span> <span class='ocrx_word' id='word_1_145' title='bbox 613 1450 761 1521; x_wconf 75' lang='lat' dir='ltr'><strong>dignetur.</strong></span> <span class='ocrx_word' id='word_1_146' title='bbox 786 1461 818 1523; x_wconf 70' lang='grc' dir='ltr'><strong>ιι.</strong></span> <span class='ocrx_word' id='word_1_147' title='bbox 845 1449 956 1506; x_wconf 78' lang='lat' dir='ltr'><strong>Praesta</strong></span> <span class='ocrx_word' id='word_1_148' title='bbox 976 1455 1085 1505; x_wconf 78' lang='lat' dir='ltr'><strong>aeterne</strong></span> <span class='ocrx_word' id='word_1_149' title='bbox 1174 1446 1318 1521; x_wconf 76' lang='lat' dir='ltr'><strong>ngunus.</strong></span> <span class='ocrx_word' id='word_1_150' title='bbox 1332 1450 1381 1505; x_wconf 88' lang='lat' dir='ltr'><strong>llic</strong></span> <span class='ocrx_word' id='word_1_151' title='bbox 1392 1452 1435 1507; x_wconf 90' lang='lat' dir='ltr'><strong>est</strong></span> <span class='ocrx_word' id='word_1_152' title='bbox 1446 1448 1615 1505; x_wconf 88' lang='lat' dir='ltr'><strong>diesverus.</strong></span> <span class='ocrx_word' id='word_1_153' title='bbox 1626 1443 1828 1519; x_wconf 75' lang='lat' dir='ltr'><strong>supplicatio.</strong></span> <span class='ocrx_word' id='word_1_154' title='bbox 1840 1448 1962 1505; x_wconf 86' lang='lat' dir='ltr'><strong>Oramus</strong></span> 
     </span>
     <span class='ocr_line' id='line_1_15' title="bbox 257 1532 1684 1610; baseline -0.001 -17"><span class='ocrx_word' id='word_1_155' title='bbox 257 1536 451 1610; x_wconf 86' lang='lat' dir='ltr'><strong>omnipotens</strong></span> <span class='ocrx_word' id='word_1_156' title='bbox 464 1536 551 1593; x_wconf 90' lang='lat' dir='ltr'><strong>Deus.</strong></span> <span class='ocrx_word' id='word_1_157' title='bbox 1139 1538 1367 1610; x_wconf 79' lang='lat' dir='ltr'><strong>Redemptorem</strong></span> <span class='ocrx_word' id='word_1_158' title='bbox 1380 1536 1495 1593; x_wconf 92' lang='lat' dir='ltr'><strong>mundi.</strong></span> <span class='ocrx_word' id='word_1_159' title='bbox 1513 1532 1568 1594; x_wconf 82' lang='lat' dir='ltr'><strong>Hic</strong></span> <span class='ocrx_word' id='word_1_160' title='bbox 1580 1532 1684 1603; x_wconf 74' lang='lat' dir='ltr'><strong>sarrai.</strong></span> 
     </span>
     <span class='ocr_line' id='line_1_16' title="bbox 290 1614 2038 1700; baseline -0.001 -19"><span class='ocrx_word' id='word_1_161' title='bbox 290 1625 390 1699; x_wconf 84' lang='lat' dir='ltr'><strong>Kyria,</strong></span> <span class='ocrx_word' id='word_1_162' title='bbox 423 1624 537 1684; x_wconf 88' lang='lat' dir='ltr'><strong>eleison</strong></span> <span class='ocrx_word' id='word_1_163' title='bbox 557 1640 566 1679; x_wconf 74' lang='lat' dir='ltr'><strong>r</strong></span> <span class='ocrx_word' id='word_1_164' title='bbox 584 1625 622 1690; x_wconf 72' lang='lat' dir='ltr'><strong>il.</strong></span> <span class='ocrx_word' id='word_1_165' title='bbox 666 1626 789 1696; x_wconf 85' lang='lat' dir='ltr'><strong>Christe,</strong></span> <span class='ocrx_word' id='word_1_166' title='bbox 828 1624 964 1691; x_wconf 88' lang='lat' dir='ltr'><strong>eleison:</strong></span> <span class='ocrx_word' id='word_1_167' title='bbox 985 1625 1082 1700; x_wconf 79' lang='lat' dir='ltr'><strong>Kyrie,</strong></span> <span class='ocrx_word' id='word_1_168' title='bbox 1175 1622 1966 1697; x_wconf 78' lang='lat' dir='ltr'><strong>capitula-Deus,cujusunumhuncexomnibusdu·</strong></span> <span class='ocrx_word' id='word_1_169' title='bbox 2037 1614 2038 1617; x_wconf 60' lang='grc'>’</span> 
     </span>
     <span class='ocr_line' id='line_1_17' title="bbox 258 1710 2038 1792; baseline -0.003 -22"><span class='ocrx_word' id='word_1_170' title='bbox 258 1710 381 1771; x_wconf 86' lang='lat' dir='ltr'><strong>cleison.</strong></span> <span class='ocrx_word' id='word_1_171' title='bbox 1102 1734 1124 1792; x_wconf 75' lang='grc' dir='ltr'><strong>Β</strong></span> <span class='ocrx_word' id='word_1_172' title='bbox 1139 1712 1237 1770; x_wconf 85' lang='lat' dir='ltr'><strong>ximus</strong></span> <span class='ocrx_word' id='word_1_173' title='bbox 1250 1712 1341 1781; x_wconf 72' lang='lat' dir='ltr'><strong>mem,</strong></span> <span class='ocrx_word' id='word_1_174' title='bbox 1355 1713 1386 1770; x_wconf 93' lang='lat' dir='ltr'><strong>in</strong></span> <span class='ocrx_word' id='word_1_175' title='bbox 1399 1729 1460 1787; x_wconf 91' lang='lat' dir='ltr'><strong>quo</strong></span> <span class='ocrx_word' id='word_1_176' title='bbox 1476 1713 1581 1770; x_wconf 89' lang='lat' dir='ltr'><strong>creatis</strong></span> <span class='ocrx_word' id='word_1_177' title='bbox 1592 1710 1681 1770; x_wconf 86' lang='lat' dir='ltr'><strong>rebus</strong></span> <span class='ocrx_word' id='word_1_178' title='bbox 1694 1712 1835 1770; x_wconf 87' lang='lat' dir='ltr'><strong>omnibus</strong></span> <span class='ocrx_word' id='word_1_179' title='bbox 1846 1711 1966 1773; x_wconf 75' lang='lat' dir='ltr'><strong>soruba</strong></span> <span class='ocrx_word' id='word_1_180' title='bbox 2037 1734 2038 1765; x_wconf 73' lang='grc'>;</span> 
     </span>
     <span class='ocr_line' id='line_1_18' title="bbox 292 1798 2038 1891; baseline -0.001 -32"><span class='ocrx_word' id='word_1_181' title='bbox 292 1799 443 1875; x_wconf 77' lang='lat' dir='ltr'><strong>Capitate.</strong></span> <span class='ocrx_word' id='word_1_182' title='bbox 461 1798 740 1871; x_wconf 82' lang='lat' dir='ltr'><strong>ChristeDeiFilins,</strong></span> <span class='ocrx_word' id='word_1_183' title='bbox 756 1804 808 1879; x_wconf 84' lang='lat' dir='ltr'><strong>qui</strong></span> <span class='ocrx_word' id='word_1_184' title='bbox 827 1802 1006 1861; x_wconf 81' lang='lat' dir='ltr'><strong>venerabilis</strong></span> <span class='ocrx_word' id='word_1_185' title='bbox 1020 1802 1081 1860; x_wconf 90' lang='lat' dir='ltr'><strong>diei</strong></span> <span class='ocrx_word' id='word_1_186' title='bbox 1138 1818 1203 1859; x_wconf 89' lang='lat' dir='ltr'><strong>esse</strong></span> <span class='ocrx_word' id='word_1_187' title='bbox 1215 1809 1243 1860; x_wconf 88' lang='lat' dir='ltr'><strong>et</strong></span> <span class='ocrx_word' id='word_1_188' title='bbox 1252 1802 1407 1877; x_wconf 69' lang='lat' dir='ltr'><strong>presentis</strong></span> <span class='ocrx_word' id='word_1_189' title='bbox 1426 1803 1502 1859; x_wconf 91' lang='lat' dir='ltr'><strong>lucis</strong></span> <span class='ocrx_word' id='word_1_190' title='bbox 1518 1802 1660 1869; x_wconf 87' lang='lat' dir='ltr'><strong>iudicem,</strong></span> <span class='ocrx_word' id='word_1_191' title='bbox 1677 1805 1705 1860; x_wconf 91' lang='lat' dir='ltr'><strong>et</strong></span> <span class='ocrx_word' id='word_1_192' title='bbox 1722 1800 1824 1861; x_wconf 79' lang='lat' dir='ltr'><strong>aeterni</strong></span> <span class='ocrx_word' id='word_1_193' title='bbox 1844 1799 1965 1859; x_wconf 87' lang='lat' dir='ltr'><strong>luminis</strong></span> <span class='ocrx_word' id='word_1_194' title='bbox 2037 1862 2038 1891; x_wconf 24' lang='grc'>1</span> 
     </span>
     <span class='ocr_line' id='line_1_19' title="bbox 253 1886 1965 1967; baseline 0 -20"><span class='ocrx_word' id='word_1_195' title='bbox 253 1886 346 1965; x_wconf 85' lang='lat' dir='ltr'><strong>hujus</strong></span> <span class='ocrx_word' id='word_1_196' title='bbox 361 1904 532 1957; x_wconf 82' lang='lat' dir='ltr'><strong>excursum,</strong></span> <span class='ocrx_word' id='word_1_197' title='bbox 541 1889 662 1963; x_wconf 87' lang='lat' dir='ltr'><strong>etprius</strong></span> <span class='ocrx_word' id='word_1_198' title='bbox 674 1897 729 1949; x_wconf 93' lang='lat' dir='ltr'><strong>ate</strong></span> <span class='ocrx_word' id='word_1_199' title='bbox 741 1890 868 1949; x_wconf 76' lang='lat' dir='ltr'><strong>condita</strong></span> <span class='ocrx_word' id='word_1_200' title='bbox 878 1891 1001 1961; x_wconf 91' lang='lat' dir='ltr'><strong>lucis,et</strong></span> <span class='ocrx_word' id='word_1_201' title='bbox 1012 1894 1082 1967; x_wconf 88' lang='lat' dir='ltr'><strong>posi</strong></span> <span class='ocrx_word' id='word_1_202' title='bbox 1139 1895 1254 1957; x_wconf 88' lang='lat' dir='ltr'><strong>testem,</strong></span> <span class='ocrx_word' id='word_1_203' title='bbox 1268 1898 1300 1947; x_wconf 91' lang='lat' dir='ltr'><strong>ut</strong></span> <span class='ocrx_word' id='word_1_204' title='bbox 1312 1891 1342 1947; x_wconf 90' lang='lat' dir='ltr'><strong>in</strong></span> <span class='ocrx_word' id='word_1_205' title='bbox 1356 1907 1392 1948; x_wconf 86' lang='lat' dir='ltr'><strong>ao</strong></span> <span class='ocrx_word' id='word_1_206' title='bbox 1401 1894 1570 1964; x_wconf 81' lang='lat' dir='ltr'><strong>resurgeret</strong></span> <span class='ocrx_word' id='word_1_207' title='bbox 1585 1889 1774 1947; x_wconf 84' lang='lat' dir='ltr'><strong>inluminatio</strong></span> <span class='ocrx_word' id='word_1_208' title='bbox 1784 1893 1965 1963; x_wconf 91' lang='lat' dir='ltr'><strong>temporum,</strong></span> 
     </span>
     <span class='ocr_line' id='line_1_20' title="bbox 253 1978 1966 2057; baseline 0.001 -22"><span class='ocrx_word' id='word_1_209' title='bbox 253 1994 333 2036; x_wconf 79' lang='lat' dir='ltr'><strong>sorra</strong></span> <span class='ocrx_word' id='word_1_210' title='bbox 346 1978 571 2036; x_wconf 88' lang='lat' dir='ltr'><strong>resurrectionis</strong></span> <span class='ocrx_word' id='word_1_211' title='bbox 577 1985 635 2036; x_wconf 82' lang='lat' dir='ltr'><strong>tuae</strong></span> <span class='ocrx_word' id='word_1_212' title='bbox 647 1979 797 2054; x_wconf 74' lang='lat' dir='ltr'><strong>mysteriis</strong></span> <span class='ocrx_word' id='word_1_213' title='bbox 806 1982 996 2047; x_wconf 82' lang='lat' dir='ltr'><strong>consecrasti,</strong></span> <span class='ocrx_word' id='word_1_214' title='bbox 1008 1979 1083 2037; x_wconf 91' lang='lat' dir='ltr'><strong>dum</strong></span> <span class='ocrx_word' id='word_1_215' title='bbox 1139 1986 1228 2057; x_wconf 86' lang='lat' dir='ltr'><strong>atque</strong></span> <span class='ocrx_word' id='word_1_216' title='bbox 1234 1978 1595 2053; x_wconf 85' lang='lat' dir='ltr'><strong>resurgeretiniuminatio</strong></span> <span class='ocrx_word' id='word_1_217' title='bbox 1601 1979 1769 2037; x_wconf 90' lang='lat' dir='ltr'><strong>animarum</strong></span> <span class='ocrx_word' id='word_1_218' title='bbox 1778 1978 1908 2053; x_wconf 89' lang='lat' dir='ltr'><strong>:quique</strong></span> <span class='ocrx_word' id='word_1_219' title='bbox 1916 1980 1966 2035; x_wconf 92' lang='lat' dir='ltr'><strong>Do·</strong></span> 
     </span>
     <span class='ocr_line' id='line_1_21' title="bbox 254 2064 2038 2143; baseline 0.001 -19"><span class='ocrx_word' id='word_1_220' title='bbox 254 2064 398 2137; x_wconf 80' lang='lat' dir='ltr'><strong>singulari</strong></span> <span class='ocrx_word' id='word_1_221' title='bbox 411 2067 545 2141; x_wconf 78' lang='lat' dir='ltr'><strong>trophaeo</strong></span> <span class='ocrx_word' id='word_1_222' title='bbox 560 2066 880 2141; x_wconf 85' lang='lat' dir='ltr'><strong>triumphatorinierni</strong></span> <span class='ocrx_word' id='word_1_223' title='bbox 894 2068 1008 2126; x_wconf 92' lang='lat' dir='ltr'><strong>olimin</strong></span> <span class='ocrx_word' id='word_1_224' title='bbox 1025 2068 1084 2125; x_wconf 90' lang='lat' dir='ltr'><strong>hoo</strong></span> <span class='ocrx_word' id='word_1_225' title='bbox 1138 2068 1256 2127; x_wconf 81' lang='lat' dir='ltr'><strong>minicae</strong></span> <span class='ocrx_word' id='word_1_226' title='bbox 1269 2075 1298 2127; x_wconf 89' lang='lat' dir='ltr'><strong>et</strong></span> <span class='ocrx_word' id='word_1_227' title='bbox 1310 2068 1493 2142; x_wconf 88' lang='lat' dir='ltr'><strong>operationis</strong></span> <span class='ocrx_word' id='word_1_228' title='bbox 1501 2070 1627 2143; x_wconf 89' lang='lat' dir='ltr'><strong>primns,</strong></span> <span class='ocrx_word' id='word_1_229' title='bbox 1638 2066 1967 2125; x_wconf 87' lang='lat' dir='ltr'><strong>eiresurreotionisido·</strong></span> <span class='ocrx_word' id='word_1_230' title='bbox 2037 2082 2038 2143; x_wconf 78' lang='grc' dir='ltr'>ι</span> 
     </span>
     <span class='ocr_line' id='line_1_22' title="bbox 254 2152 2038 2229; baseline 0.001 -16"><span class='ocrx_word' id='word_1_231' title='bbox 254 2152 429 2213; x_wconf 85' lang='lat' dir='ltr'><strong>diedcvicto</strong></span> <span class='ocrx_word' id='word_1_232' title='bbox 441 2153 1084 2229; x_wconf 73' lang='lat' dir='ltr'><strong>diabolotriumphesti3danobis,utde,se—</strong></span> <span class='ocrx_word' id='word_1_233' title='bbox 1138 2175 1213 2216; x_wconf 88' lang='lat' dir='ltr'><strong>neus</strong></span> <span class='ocrx_word' id='word_1_234' title='bbox 1228 2157 1377 2216; x_wconf 85' lang='lat' dir='ltr'><strong>revolutus</strong></span> <span class='ocrx_word' id='word_1_235' title='bbox 1390 2159 1421 2214; x_wconf 93' lang='lat' dir='ltr'><strong>in</strong></span> <span class='ocrx_word' id='word_1_236' title='bbox 1436 2158 1555 2228; x_wconf 85' lang='lat' dir='ltr'><strong>circulo,</strong></span> <span class='ocrx_word' id='word_1_237' title='bbox 1571 2162 1600 2214; x_wconf 89' lang='lat' dir='ltr'><strong>at</strong></span> <span class='ocrx_word' id='word_1_238' title='bbox 1619 2157 1760 2215; x_wconf 88' lang='lat' dir='ltr'><strong>reductus</strong></span> <span class='ocrx_word' id='word_1_239' title='bbox 1785 2158 1816 2213; x_wconf 92' lang='lat' dir='ltr'><strong>in</strong></span> <span class='ocrx_word' id='word_1_240' title='bbox 1839 2156 1966 2225; x_wconf 70' lang='lat' dir='ltr'><strong>omnnio,</strong></span> <span class='ocrx_word' id='word_1_241' title='bbox 2037 2152 2038 2225; x_wconf 68' lang='lat' dir='ltr'>J</span> 
     </span>
     <span class='ocr_line' id='line_1_23' title="bbox 254 2241 2038 2321; baseline 0.001 -21"><span class='ocrx_word' id='word_1_242' title='bbox 254 2241 383 2321; x_wconf 86' lang='lat' dir='ltr'><strong>pulchro</strong></span> <span class='ocrx_word' id='word_1_243' title='bbox 397 2242 536 2301; x_wconf 80' lang='lat' dir='ltr'><strong>uitiorum</strong></span> <span class='ocrx_word' id='word_1_244' title='bbox 551 2244 741 2303; x_wconf 83' lang='lat' dir='ltr'><strong>exeamusad</strong></span> <span class='ocrx_word' id='word_1_245' title='bbox 753 2244 891 2303; x_wconf 86' lang='lat' dir='ltr'><strong>telamon</strong></span> <span class='ocrx_word' id='word_1_246' title='bbox 906 2261 1019 2318; x_wconf 83' lang='lat' dir='ltr'><strong>rerum,</strong></span> <span class='ocrx_word' id='word_1_247' title='bbox 1031 2243 1085 2320; x_wconf 93' lang='lat' dir='ltr'><strong>qui</strong></span> <span class='ocrx_word' id='word_1_248' title='bbox 1139 2246 1293 2305; x_wconf 88' lang='lat' dir='ltr'><strong>Paschalis</strong></span> <span class='ocrx_word' id='word_1_249' title='bbox 1303 2246 1500 2304; x_wconf 87' lang='lat' dir='ltr'><strong>solemnitatis</strong></span> <span class='ocrx_word' id='word_1_250' title='bbox 1511 2245 1655 2319; x_wconf 89' lang='lat' dir='ltr'><strong>inciperet</strong></span> <span class='ocrx_word' id='word_1_251' title='bbox 1663 2244 1853 2321; x_wconf 86' lang='lat' dir='ltr'><strong>mysterium,</strong></span> <span class='ocrx_word' id='word_1_252' title='bbox 1864 2250 1896 2302; x_wconf 87' lang='lat' dir='ltr'><strong>et</strong></span> <span class='ocrx_word' id='word_1_253' title='bbox 1903 2260 1968 2302; x_wconf 90' lang='lat' dir='ltr'><strong>con·</strong></span> <span class='ocrx_word' id='word_1_254' title='bbox 2037 2260 2038 2317; x_wconf 63' lang='lat'>1</span> 
     </span>
     <span class='ocr_line' id='line_1_24' title="bbox 257 2324 2038 2409; baseline -0.001 -18"><span class='ocrx_word' id='word_1_255' title='bbox 257 2347 292 2391; x_wconf 84' lang='lat' dir='ltr'><strong>es</strong></span> <span class='ocrx_word' id='word_1_256' title='bbox 303 2330 526 2390; x_wconf 88' lang='lat' dir='ltr'><strong>resurrectionis</strong></span> <span class='ocrx_word' id='word_1_257' title='bbox 540 2336 650 2391; x_wconf 81' lang='lat' dir='ltr'><strong>nostrae</strong></span> <span class='ocrx_word' id='word_1_258' title='bbox 660 2331 855 2406; x_wconf 88' lang='lat' dir='ltr'><strong>principium:</strong></span> <span class='ocrx_word' id='word_1_259' title='bbox 871 2338 913 2401; x_wconf 91' lang='lat' dir='ltr'><strong>ut,</strong></span> <span class='ocrx_word' id='word_1_260' title='bbox 928 2332 998 2407; x_wconf 86' lang='lat' dir='ltr'><strong>quia</strong></span> <span class='ocrx_word' id='word_1_261' title='bbox 1010 2332 1042 2389; x_wconf 90' lang='lat' dir='ltr'><strong>in</strong></span> <span class='ocrx_word' id='word_1_262' title='bbox 1057 2336 1085 2391; x_wconf 90' lang='lat' dir='ltr'><strong>to</strong></span> <span class='ocrx_word' id='word_1_263' title='bbox 1139 2335 1271 2393; x_wconf 87' lang='lat' dir='ltr'><strong>eluderet</strong></span> <span class='ocrx_word' id='word_1_264' title='bbox 1279 2337 1496 2393; x_wconf 89' lang='lat' dir='ltr'><strong>sacramentum</strong></span> <span class='ocrx_word' id='word_1_265' title='bbox 1506 2334 1633 2407; x_wconf 88' lang='lat' dir='ltr'><strong>;respice</strong></span> <span class='ocrx_word' id='word_1_266' title='bbox 1642 2332 1832 2409; x_wconf 73' lang='lat' dir='ltr'><strong>372inhoc</strong></span> <span class='ocrx_word' id='word_1_267' title='bbox 1839 2340 1968 2409; x_wconf 88' lang='lat' dir='ltr'><strong>tempora</strong></span> <span class='ocrx_word' id='word_1_268' title='bbox 2037 2324 2038 2361; x_wconf 71' lang='lat'>³</span> 
     </span>
     <span class='ocr_line' id='line_1_25' title="bbox 255 2415 1966 2499; baseline -0.002 -20"><span class='ocrx_word' id='word_1_269' title='bbox 255 2435 340 2479; x_wconf 89' lang='lat' dir='ltr'><strong>mors</strong></span> <span class='ocrx_word' id='word_1_270' title='bbox 355 2415 524 2478; x_wconf 90' lang='lat' dir='ltr'><strong>ultranuilo</strong></span> <span class='ocrx_word' id='word_1_271' title='bbox 534 2419 627 2479; x_wconf 91' lang='lat' dir='ltr'><strong>modo</strong></span> <span class='ocrx_word' id='word_1_272' title='bbox 638 2420 854 2494; x_wconf 87' lang='lat' dir='ltr'><strong>dominabitur,</strong></span> <span class='ocrx_word' id='word_1_273' title='bbox 866 2437 1020 2496; x_wconf 80' lang='lat' dir='ltr'><strong>parvarum</strong></span> <span class='ocrx_word' id='word_1_274' title='bbox 1031 2422 1073 2479; x_wconf 82' lang='lat' dir='ltr'><strong>ile</strong></span> <span class='ocrx_word' id='word_1_275' title='bbox 1138 2423 1323 2499; x_wconf 80' lang='lat' dir='ltr'><strong>acceptabili,</strong></span> <span class='ocrx_word' id='word_1_276' title='bbox 1342 2430 1371 2481; x_wconf 91' lang='lat' dir='ltr'><strong>et</strong></span> <span class='ocrx_word' id='word_1_277' title='bbox 1382 2425 1413 2481; x_wconf 91' lang='lat' dir='ltr'><strong>in</strong></span> <span class='ocrx_word' id='word_1_278' title='bbox 1422 2424 1480 2481; x_wconf 89' lang='lat' dir='ltr'><strong>hac</strong></span> <span class='ocrx_word' id='word_1_279' title='bbox 1494 2422 1543 2481; x_wconf 93' lang='lat' dir='ltr'><strong>die</strong></span> <span class='ocrx_word' id='word_1_280' title='bbox 1553 2422 1657 2483; x_wconf 88' lang='lat' dir='ltr'><strong>salutis</strong></span> <span class='ocrx_word' id='word_1_281' title='bbox 1669 2438 1758 2497; x_wconf 87' lang='lat' dir='ltr'><strong>super</strong></span> <span class='ocrx_word' id='word_1_282' title='bbox 1771 2436 1875 2479; x_wconf 79' lang='lat' dir='ltr'><strong>servos</strong></span> <span class='ocrx_word' id='word_1_283' title='bbox 1891 2426 1966 2487; x_wconf 90' lang='lat' dir='ltr'><strong>tuos,</strong></span> 
     </span>
     <span class='ocr_line' id='line_1_26' title="bbox 257 2508 1967 2587; baseline -0.001 -20"><span class='ocrx_word' id='word_1_284' title='bbox 257 2508 450 2569; x_wconf 86' lang='lat' dir='ltr'><strong>surrectionis</strong></span> <span class='ocrx_word' id='word_1_285' title='bbox 458 2509 690 2583; x_wconf 81' lang='lat' dir='ltr'><strong>tuapotentiam,</strong></span> <span class='ocrx_word' id='word_1_286' title='bbox 701 2526 795 2585; x_wconf 87' lang='lat' dir='ltr'><strong>quam</strong></span> <span class='ocrx_word' id='word_1_287' title='bbox 804 2510 960 2569; x_wconf 84' lang='lat' dir='ltr'><strong>verissime</strong></span> <span class='ocrx_word' id='word_1_288' title='bbox 968 2510 1086 2587; x_wconf 88' lang='lat' dir='ltr'><strong>proiitc-</strong></span> <span class='ocrx_word' id='word_1_289' title='bbox 1139 2510 1273 2580; x_wconf 92' lang='lat' dir='ltr'><strong>Domine,</strong></span> <span class='ocrx_word' id='word_1_290' title='bbox 1301 2527 1378 2586; x_wconf 91' lang='lat' dir='ltr'><strong>quos</strong></span> <span class='ocrx_word' id='word_1_291' title='bbox 1396 2510 1547 2573; x_wconf 83' lang='lat' dir='ltr'><strong>redemisti</strong></span> <span class='ocrx_word' id='word_1_292' title='bbox 1570 2511 1608 2569; x_wconf 91' lang='lat' dir='ltr'><strong>de</strong></span> <span class='ocrx_word' id='word_1_293' title='bbox 1636 2510 1802 2585; x_wconf 83' lang='lat' dir='ltr'><strong>captivitate</strong></span> <span class='ocrx_word' id='word_1_294' title='bbox 1822 2509 1967 2584; x_wconf 78' lang='lat' dir='ltr'><strong>nequitia</strong></span> 
     </span>
     <span class='ocr_line' id='line_1_27' title="bbox 256 2596 1968 2676; baseline -0.003 -18"><span class='ocrx_word' id='word_1_295' title='bbox 256 2604 464 2674; x_wconf 88' lang='lat' dir='ltr'><strong>mur,psccata</strong></span> <span class='ocrx_word' id='word_1_296' title='bbox 478 2600 789 2661; x_wconf 89' lang='lat' dir='ltr'><strong>nostraamodonobis</strong></span> <span class='ocrx_word' id='word_1_297' title='bbox 802 2601 974 2660; x_wconf 86' lang='lat' dir='ltr'><strong>nuliatenus</strong></span> <span class='ocrx_word' id='word_1_298' title='bbox 989 2600 1086 2660; x_wconf 92' lang='lat' dir='ltr'><strong>domi·</strong></span> <span class='ocrx_word' id='word_1_299' title='bbox 1139 2598 1285 2676; x_wconf 87' lang='lat' dir='ltr'><strong>spirituaii</strong></span> <span class='ocrx_word' id='word_1_300' title='bbox 1298 2599 1432 2674; x_wconf 80' lang='lat' dir='ltr'><strong>trophaeo</strong></span> <span class='ocrx_word' id='word_1_301' title='bbox 1443 2596 1600 2659; x_wconf 88' lang='lat' dir='ltr'><strong>Dominicee</strong></span> <span class='ocrx_word' id='word_1_302' title='bbox 1610 2596 1764 2674; x_wconf 84' lang='lat' dir='ltr'><strong>passionis</strong></span> <span class='ocrx_word' id='word_1_303' title='bbox 1779 2614 1874 2671; x_wconf 86' lang='lat' dir='ltr'><strong>:quos</strong></span> <span class='ocrx_word' id='word_1_304' title='bbox 1888 2598 1968 2671; x_wconf 80' lang='lat' dir='ltr'><strong>Agri</strong></span> 
     </span>
     <span class='ocr_line' id='line_1_28' title="bbox 254 2684 1966 2767; baseline -0.004 -18"><span class='ocrx_word' id='word_1_305' title='bbox 254 2689 858 2764; x_wconf 70' lang='lat' dir='ltr'><strong>nanturrutqnimatutinumsacriticium</strong></span> <span class='ocrx_word' id='word_1_306' title='bbox 867 2691 1084 2767; x_wconf 89' lang='lat' dir='ltr'><strong>pronobisipse</strong></span> <span class='ocrx_word' id='word_1_307' title='bbox 1138 2689 1182 2747; x_wconf 90' lang='lat' dir='ltr'><strong>tui</strong></span> <span class='ocrx_word' id='word_1_308' title='bbox 1191 2688 1338 2760; x_wconf 89' lang='lat' dir='ltr'><strong>sanguine</strong></span> <span class='ocrx_word' id='word_1_309' title='bbox 1348 2688 1466 2755; x_wconf 89' lang='lat' dir='ltr'><strong>tinctos,</strong></span> <span class='ocrx_word' id='word_1_310' title='bbox 1480 2704 1518 2745; x_wconf 91' lang='lat' dir='ltr'><strong>ne</strong></span> <span class='ocrx_word' id='word_1_311' title='bbox 1530 2692 1663 2746; x_wconf 85' lang='lat' dir='ltr'><strong>vastator</strong></span> <span class='ocrx_word' id='word_1_312' title='bbox 1676 2687 1802 2752; x_wconf 73' lang='lat' dir='ltr'><strong>luderet,</strong></span> <span class='ocrx_word' id='word_1_313' title='bbox 1810 2684 1947 2743; x_wconf 86' lang='lat' dir='ltr'><strong>liberasti</strong></span> <span class='ocrx_word' id='word_1_314' title='bbox 1955 2704 1966 2759; x_wconf 81' lang='lat'>3</span> 
     </span>
     <span class='ocr_line' id='line_1_29' title="bbox 257 2772 1970 2854; baseline -0.005 -15"><span class='ocrx_word' id='word_1_315' title='bbox 257 2778 378 2839; x_wconf 88' lang='lat' dir='ltr'><strong>oblatus</strong></span> <span class='ocrx_word' id='word_1_316' title='bbox 390 2794 433 2845; x_wconf 86' lang='lat' dir='ltr'><strong>es,</strong></span> <span class='ocrx_word' id='word_1_317' title='bbox 448 2779 479 2836; x_wconf 92' lang='lat' dir='ltr'><strong>in</strong></span> <span class='ocrx_word' id='word_1_318' title='bbox 488 2779 547 2838; x_wconf 89' lang='lat' dir='ltr'><strong>hoc</strong></span> <span class='ocrx_word' id='word_1_319' title='bbox 557 2778 790 2839; x_wconf 82' lang='lat' dir='ltr'><strong>Resurrectionis</strong></span> <span class='ocrx_word' id='word_1_320' title='bbox 805 2784 863 2840; x_wconf 79' lang='lat' dir='ltr'><strong>tua</strong></span> <span class='ocrx_word' id='word_1_321' title='bbox 877 2785 1012 2854; x_wconf 87' lang='lat' dir='ltr'><strong>tempora</strong></span> <span class='ocrx_word' id='word_1_322' title='bbox 1021 2796 1084 2838; x_wconf 89' lang='lat' dir='ltr'><strong>ma·</strong></span> <span class='ocrx_word' id='word_1_323' title='bbox 1139 2780 1207 2835; x_wconf 85' lang='lat' dir='ltr'><strong>Esto</strong></span> <span class='ocrx_word' id='word_1_324' title='bbox 1222 2777 1310 2835; x_wconf 90' lang='lat' dir='ltr'><strong>nobis</strong></span> <span class='ocrx_word' id='word_1_325' title='bbox 1320 2776 1490 2851; x_wconf 81' lang='lat' dir='ltr'><strong>praeviusin</strong></span> <span class='ocrx_word' id='word_1_326' title='bbox 1502 2775 1661 2833; x_wconf 85' lang='lat' dir='ltr'><strong>solitudine</strong></span> <span class='ocrx_word' id='word_1_327' title='bbox 1671 2776 1740 2834; x_wconf 81' lang='lat' dir='ltr'><strong>vita</strong></span> <span class='ocrx_word' id='word_1_328' title='bbox 1752 2772 1849 2847; x_wconf 82' lang='lat' dir='ltr'><strong>hujus,</strong></span> <span class='ocrx_word' id='word_1_329' title='bbox 1862 2790 1928 2848; x_wconf 85' lang='lat' dir='ltr'><strong>quo</strong></span> <span class='ocrx_word' id='word_1_330' title='bbox 1939 2778 1970 2831; x_wconf 85' lang='lat' dir='ltr'><strong>et</strong></span> 
     </span>
     <span class='ocr_line' id='line_1_30' title="bbox 256 2862 1972 2943; baseline -0.002 -18"><span class='ocrx_word' id='word_1_331' title='bbox 256 2868 351 2926; x_wconf 91' lang='lat' dir='ltr'><strong>tutino</strong></span> <span class='ocrx_word' id='word_1_332' title='bbox 362 2866 403 2924; x_wconf 86' lang='lat' dir='ltr'><strong>ab</strong></span> <span class='ocrx_word' id='word_1_333' title='bbox 415 2867 564 2925; x_wconf 88' lang='lat' dir='ltr'><strong>omninos</strong></span> <span class='ocrx_word' id='word_1_334' title='bbox 582 2867 692 2940; x_wconf 84' lang='lat' dir='ltr'><strong>jubeas</strong></span> <span class='ocrx_word' id='word_1_335' title='bbox 712 2868 861 2941; x_wconf 84' lang='lat' dir='ltr'><strong>purificari</strong></span> <span class='ocrx_word' id='word_1_336' title='bbox 870 2866 998 2943; x_wconf 89' lang='lat' dir='ltr'><strong>piaculo.</strong></span> <span class='ocrx_word' id='word_1_337' title='bbox 1137 2866 1170 2925; x_wconf 91' lang='lat' dir='ltr'><strong>in</strong></span> <span class='ocrx_word' id='word_1_338' title='bbox 1184 2866 1232 2924; x_wconf 91' lang='lat' dir='ltr'><strong>die</strong></span> <span class='ocrx_word' id='word_1_339' title='bbox 1247 2865 1380 2924; x_wconf 88' lang='lat' dir='ltr'><strong>calorem</strong></span> <span class='ocrx_word' id='word_1_340' title='bbox 1394 2865 1562 2923; x_wconf 83' lang='lat' dir='ltr'><strong>tentationis</strong></span> <span class='ocrx_word' id='word_1_341' title='bbox 1577 2870 1685 2923; x_wconf 81' lang='lat' dir='ltr'><strong>nostra</strong></span> <span class='ocrx_word' id='word_1_342' title='bbox 1698 2864 1786 2939; x_wconf 87' lang='lat' dir='ltr'><strong>quasi</strong></span> <span class='ocrx_word' id='word_1_343' title='bbox 1795 2862 1893 2921; x_wconf 87' lang='lat' dir='ltr'><strong>nubes</strong></span> <span class='ocrx_word' id='word_1_344' title='bbox 1904 2878 1972 2937; x_wconf 84' lang='lat' dir='ltr'><strong>pro·</strong></span> 
     </span>
     <span class='ocr_line' id='line_1_31' title="bbox 289 2952 1971 3028; baseline 0 -19"><span class='ocrx_word' id='word_1_345' title='bbox 289 2954 377 3011; x_wconf 87' lang='lat' dir='ltr'><strong>Pater</strong></span> <span class='ocrx_word' id='word_1_346' title='bbox 389 2959 500 3011; x_wconf 88' lang='lat' dir='ltr'><strong>noster.</strong></span> <span class='ocrx_word' id='word_1_347' title='bbox 516 2952 676 3013; x_wconf 81' lang='lat' dir='ltr'><strong>biberetis</strong></span> <span class='ocrx_word' id='word_1_348' title='bbox 688 2954 771 3018; x_wconf 90' lang='lat' dir='ltr'><strong>malo</strong></span> <span class='ocrx_word' id='word_1_349' title='bbox 786 2956 844 3028; x_wconf 75' lang='lat' dir='ltr'><strong>fot.</strong></span> <span class='ocrx_word' id='word_1_350' title='bbox 860 2960 890 3016; x_wconf 77' lang='lat'><strong>2.</strong></span> <span class='ocrx_word' id='word_1_351' title='bbox 1138 2958 1241 3026; x_wconf 88' lang='lat' dir='ltr'><strong>tegens</strong></span> <span class='ocrx_word' id='word_1_352' title='bbox 1266 2952 1439 3024; x_wconf 89' lang='lat' dir='ltr'><strong>obumbres,</strong></span> <span class='ocrx_word' id='word_1_353' title='bbox 1457 2958 1486 3013; x_wconf 89' lang='lat' dir='ltr'><strong>at</strong></span> <span class='ocrx_word' id='word_1_354' title='bbox 1504 2954 1535 3011; x_wconf 93' lang='lat' dir='ltr'><strong>in</strong></span> <span class='ocrx_word' id='word_1_355' title='bbox 1546 2958 1634 3011; x_wconf 91' lang='lat' dir='ltr'><strong>nocte</strong></span> <span class='ocrx_word' id='word_1_356' title='bbox 1650 2969 1670 3012; x_wconf 87' lang='lat' dir='ltr'><strong>a</strong></span> <span class='ocrx_word' id='word_1_357' title='bbox 1683 2952 1813 3012; x_wconf 87' lang='lat' dir='ltr'><strong>tenebris</strong></span> <span class='ocrx_word' id='word_1_358' title='bbox 1827 2956 1971 3027; x_wconf 87' lang='lat' dir='ltr'><strong>peccato·</strong></span> 
     </span>
     <span class='ocr_line' id='line_1_32' title="bbox 290 3038 1972 3146; baseline 0.002 -50"><span class='ocrx_word' id='word_1_359' title='bbox 290 3038 444 3100; x_wconf 86' lang='lat' dir='ltr'><strong>Dominus.</strong></span> <span class='ocrx_word' id='word_1_360' title='bbox 456 3052 489 3114; x_wconf 72' lang='lat' dir='ltr'><strong>a.</strong></span> <span class='ocrx_word' id='word_1_361' title='bbox 501 3042 626 3100; x_wconf 79' lang='lat' dir='ltr'><strong>arcum.</strong></span> <span class='ocrx_word' id='word_1_362' title='bbox 1101 3088 1123 3146; x_wconf 66' lang='lat' dir='ltr'>C</span> <span class='ocrx_word' id='word_1_363' title='bbox 1137 3059 1205 3102; x_wconf 91' lang='lat' dir='ltr'><strong>rum</strong></span> <span class='ocrx_word' id='word_1_364' title='bbox 1218 3059 1274 3102; x_wconf 90' lang='lat' dir='ltr'><strong>uos</strong></span> <span class='ocrx_word' id='word_1_365' title='bbox 1285 3044 1373 3122; x_wconf 88' lang='lat' dir='ltr'><strong>quasi</strong></span> <span class='ocrx_word' id='word_1_366' title='bbox 1387 3043 1529 3102; x_wconf 91' lang='lat' dir='ltr'><strong>columna</strong></span> <span class='ocrx_word' id='word_1_367' title='bbox 1542 3042 1620 3116; x_wconf 90' lang='lat' dir='ltr'><strong>ignis</strong></span> <span class='ocrx_word' id='word_1_368' title='bbox 1635 3042 1796 3102; x_wconf 89' lang='lat' dir='ltr'><strong>inlumines</strong></span> <span class='ocrx_word' id='word_1_369' title='bbox 1813 3056 1820 3100; x_wconf 78' lang='lat' dir='ltr'><strong>r</strong></span> <span class='ocrx_word' id='word_1_370' title='bbox 1834 3044 1881 3108; x_wconf 91' lang='lat' dir='ltr'><strong>ut,</strong></span> <span class='ocrx_word' id='word_1_371' title='bbox 1897 3040 1972 3100; x_wconf 89' lang='lat' dir='ltr'><strong>dum</strong></span> 
     </span>
     <span class='ocr_line' id='line_1_33' title="bbox 291 3128 1786 3208; baseline 0.002 -22"><span class='ocrx_word' id='word_1_372' title='bbox 291 3128 544 3187; x_wconf 75' lang='lat' dir='ltr'><strong>tacdasurrsxit</strong></span> <span class='ocrx_word' id='word_1_373' title='bbox 553 3128 711 3190; x_wconf 85' lang='lat' dir='ltr'><strong>Christusa</strong></span> <span class='ocrx_word' id='word_1_374' title='bbox 720 3131 1082 3193; x_wconf 78' lang='lat' dir='ltr'><strong>mortuis.tlieiuiaP.Per</strong></span> <span class='ocrx_word' id='word_1_375' title='bbox 1137 3133 1210 3191; x_wconf 87' lang='lat' dir='ltr'><strong>ades</strong></span> <span class='ocrx_word' id='word_1_376' title='bbox 1223 3133 1411 3202; x_wconf 87' lang='lat' dir='ltr'><strong>adsalutem,</strong></span> <span class='ocrx_word' id='word_1_377' title='bbox 1426 3133 1575 3208; x_wconf 90' lang='lat' dir='ltr'><strong>perducas</strong></span> <span class='ocrx_word' id='word_1_378' title='bbox 1590 3133 1629 3190; x_wconf 88' lang='lat' dir='ltr'><strong>ad</strong></span> <span class='ocrx_word' id='word_1_379' title='bbox 1642 3133 1786 3208; x_wconf 88' lang='lat' dir='ltr'><strong>requiem.</strong></span> 
     </span>
     <span class='ocr_line' id='line_1_34' title="bbox 253 3213 1875 3292; baseline 0.001 -15"><span class='ocrx_word' id='word_1_380' title='bbox 253 3213 380 3290; x_wconf 77' lang='lat' dir='ltr'><strong>glorim</strong></span> <span class='ocrx_word' id='word_1_381' title='bbox 391 3216 494 3276; x_wconf 89' lang='lat' dir='ltr'><strong>Patris.</strong></span> <span class='ocrx_word' id='word_1_382' title='bbox 508 3214 945 3289; x_wconf 79' lang='lat' dir='ltr'><strong>Alleluia,ailcluia.il.cantate</strong></span> <span class='ocrx_word' id='word_1_383' title='bbox 956 3223 1080 3282; x_wconf 90' lang='lat' dir='ltr'><strong>Domino</strong></span> <span class='ocrx_word' id='word_1_384' title='bbox 1172 3222 1259 3279; x_wconf 86' lang='lat' dir='ltr'><strong>Pater</strong></span> <span class='ocrx_word' id='word_1_385' title='bbox 1273 3228 1383 3280; x_wconf 88' lang='lat' dir='ltr'><strong>noster.</strong></span> <span class='ocrx_word' id='word_1_386' title='bbox 1403 3221 1531 3279; x_wconf 85' lang='lat' dir='ltr'><strong>Liberati</strong></span> <span class='ocrx_word' id='word_1_387' title='bbox 1546 3237 1565 3280; x_wconf 89' lang='lat' dir='ltr'><strong>a</strong></span> <span class='ocrx_word' id='word_1_388' title='bbox 1580 3219 1669 3290; x_wconf 85' lang='lat' dir='ltr'><strong>malo,</strong></span> <span class='ocrx_word' id='word_1_389' title='bbox 1690 3226 1745 3278; x_wconf 86' lang='lat' dir='ltr'><strong>etc.</strong></span> <span class='ocrx_word' id='word_1_390' title='bbox 1764 3221 1822 3292; x_wconf 79' lang='lat' dir='ltr'><strong>foi.</strong></span> <span class='ocrx_word' id='word_1_391' title='bbox 1841 3223 1875 3278; x_wconf 75' lang='lat'><strong>2.</strong></span> 
     </span>
     <span class='ocr_line' id='line_1_35' title="bbox 220 3303 1972 3386; baseline 0.002 -23"><span class='ocrx_word' id='word_1_392' title='bbox 220 3325 222 3329; x_wconf 93' lang='lat'>·</span> <span class='ocrx_word' id='word_1_393' title='bbox 254 3304 402 3364; x_wconf 88' lang='lat' dir='ltr'><strong>canticum</strong></span> <span class='ocrx_word' id='word_1_394' title='bbox 411 3322 522 3364; x_wconf 84' lang='lat' dir='ltr'><strong>novum</strong></span> <span class='ocrx_word' id='word_1_395' title='bbox 535 3325 542 3362; x_wconf 82' lang='grc' dir='ltr'>ι</span> <span class='ocrx_word' id='word_1_396' title='bbox 555 3306 628 3380; x_wconf 88' lang='lat' dir='ltr'><strong>quia</strong></span> <span class='ocrx_word' id='word_1_397' title='bbox 642 3307 788 3369; x_wconf 86' lang='lat' dir='ltr'><strong>mirabilia</strong></span> <span class='ocrx_word' id='word_1_398' title='bbox 808 3310 884 3368; x_wconf 85' lang='lat' dir='ltr'><strong>lecit.</strong></span> <span class='ocrx_word' id='word_1_399' title='bbox 897 3313 928 3368; x_wconf 90' lang='lat' dir='ltr'><strong>P.</strong></span> <span class='ocrx_word' id='word_1_400' title='bbox 940 3312 995 3369; x_wconf 89' lang='lat' dir='ltr'><strong>Per</strong></span> <span class='ocrx_word' id='word_1_401' title='bbox 1018 3312 1080 3384; x_wconf 89' lang='lat' dir='ltr'><strong>glo·</strong></span> <span class='ocrx_word' id='word_1_402' title='bbox 1172 3311 1353 3369; x_wconf 79' lang='lat' dir='ltr'><strong>Benedictio.</strong></span> <span class='ocrx_word' id='word_1_403' title='bbox 1366 3309 1499 3368; x_wconf 86' lang='lat' dir='ltr'><strong>Christus</strong></span> <span class='ocrx_word' id='word_1_404' title='bbox 1511 3308 1728 3386; x_wconf 88' lang='lat' dir='ltr'><strong>Dominus,qui</strong></span> <span class='ocrx_word' id='word_1_405' title='bbox 1734 3308 1815 3368; x_wconf 90' lang='lat' dir='ltr'><strong>diem</strong></span> <span class='ocrx_word' id='word_1_406' title='bbox 1824 3303 1972 3367; x_wconf 71' lang='lat' dir='ltr'><strong>burnice·</strong></span> 
     </span>
     <span class='ocr_line' id='line_1_36' title="bbox 253 3392 1971 3475; baseline -0.001 -19"><span class='ocrx_word' id='word_1_407' title='bbox 253 3395 343 3456; x_wconf 87' lang='lat' dir='ltr'><strong>riam.</strong></span> <span class='ocrx_word' id='word_1_408' title='bbox 359 3392 393 3458; x_wconf 77' lang='lat' dir='ltr'><strong>t.</strong></span> <span class='ocrx_word' id='word_1_409' title='bbox 409 3394 515 3465; x_wconf 82' lang='lat' dir='ltr'><strong>Gloria,</strong></span> <span class='ocrx_word' id='word_1_410' title='bbox 527 3401 557 3475; x_wconf 88' lang='lat' dir='ltr'><strong>ct</strong></span> <span class='ocrx_word' id='word_1_411' title='bbox 569 3397 667 3457; x_wconf 89' lang='lat' dir='ltr'><strong>bonor</strong></span> <span class='ocrx_word' id='word_1_412' title='bbox 675 3398 763 3459; x_wconf 87' lang='lat' dir='ltr'><strong>Patri.</strong></span> <span class='ocrx_word' id='word_1_413' title='bbox 776 3401 807 3459; x_wconf 89' lang='lat' dir='ltr'><strong>P.</strong></span> <span class='ocrx_word' id='word_1_414' title='bbox 820 3399 875 3458; x_wconf 90' lang='lat' dir='ltr'><strong>Par</strong></span> <span class='ocrx_word' id='word_1_415' title='bbox 889 3399 1027 3475; x_wconf 90' lang='lat' dir='ltr'><strong>gloriam.</strong></span> <span class='ocrx_word' id='word_1_416' title='bbox 1136 3399 1327 3458; x_wconf 87' lang='lat' dir='ltr'><strong>surrectionis</strong></span> <span class='ocrx_word' id='word_1_417' title='bbox 1338 3416 1402 3457; x_wconf 83' lang='lat' dir='ltr'><strong>suas</strong></span> <span class='ocrx_word' id='word_1_418' title='bbox 1415 3399 1601 3458; x_wconf 87' lang='lat' dir='ltr'><strong>consecravit</strong></span> <span class='ocrx_word' id='word_1_419' title='bbox 1620 3397 1773 3474; x_wconf 80' lang='lat' dir='ltr'><strong>mysterio,</strong></span> <span class='ocrx_word' id='word_1_420' title='bbox 1789 3397 1971 3472; x_wconf 85' lang='lat' dir='ltr'><strong>resurgendi</strong></span> 
     </span>
     <span class='ocr_line' id='line_1_37' title="bbox 291 3480 1970 3564; baseline 0.001 -22"><span class='ocrx_word' id='word_1_421' title='bbox 291 3483 468 3543; x_wconf 72' lang='lat' dir='ltr'><strong>Boudictio.</strong></span> <span class='ocrx_word' id='word_1_422' title='bbox 480 3480 615 3547; x_wconf 84' lang='lat' dir='ltr'><strong>Christus</strong></span> <span class='ocrx_word' id='word_1_423' title='bbox 627 3485 784 3556; x_wconf 82' lang='lat' dir='ltr'><strong>Dominus.</strong></span> <span class='ocrx_word' id='word_1_424' title='bbox 798 3487 853 3564; x_wconf 87' lang='lat' dir='ltr'><strong>qui</strong></span> <span class='ocrx_word' id='word_1_425' title='bbox 863 3489 1009 3558; x_wconf 89' lang='lat' dir='ltr'><strong>ascendit,</strong></span> <span class='ocrx_word' id='word_1_426' title='bbox 1024 3494 1080 3550; x_wconf 89' lang='lat' dir='ltr'><strong>etc.</strong></span> <span class='ocrx_word' id='word_1_427' title='bbox 1135 3487 1221 3546; x_wconf 85' lang='lat' dir='ltr'><strong>vobis</strong></span> <span class='ocrx_word' id='word_1_428' title='bbox 1240 3488 1373 3561; x_wconf 79' lang='lat' dir='ltr'><strong>praebeat</strong></span> <span class='ocrx_word' id='word_1_429' title='bbox 1386 3487 1553 3546; x_wconf 83' lang='lat' dir='ltr'><strong>efficaciam</strong></span> <span class='ocrx_word' id='word_1_430' title='bbox 1568 3503 1587 3545; x_wconf 90' lang='lat' dir='ltr'><strong>a</strong></span> <span class='ocrx_word' id='word_1_431' title='bbox 1602 3486 1709 3545; x_wconf 88' lang='lat' dir='ltr'><strong>delicio</strong></span> <span class='ocrx_word' id='word_1_432' title='bbox 1721 3503 1728 3555; x_wconf 89' lang='lat'>;</span> <span class='ocrx_word' id='word_1_433' title='bbox 1741 3497 1774 3562; x_wconf 70' lang='lat' dir='ltr'><strong>a.</strong></span> <span class='ocrx_word' id='word_1_434' title='bbox 1797 3491 1910 3546; x_wconf 78' lang='lat' dir='ltr'><strong>Amen.</strong></span> <span class='ocrx_word' id='word_1_435' title='bbox 1927 3489 1970 3556; x_wconf 87' lang='lat' dir='ltr'><strong>iit,</strong></span> 
     </span>
     <span class='ocr_line' id='line_1_38' title="bbox 254 3569 1972 3649; baseline 0.003 -21"><span class='ocrx_word' id='word_1_436' title='bbox 254 3569 308 3642; x_wconf 74' lang='lat' dir='ltr'><strong>lot.</strong></span> <span class='ocrx_word' id='word_1_437' title='bbox 325 3573 388 3628; x_wconf 76' lang='lat'><strong>³⁶7.</strong></span> <span class='ocrx_word' id='word_1_438' title='bbox 1134 3575 1187 3649; x_wconf 91' lang='lat' dir='ltr'><strong>qui</strong></span> <span class='ocrx_word' id='word_1_439' title='bbox 1202 3576 1274 3634; x_wconf 91' lang='lat' dir='ltr'><strong>oiim</strong></span> <span class='ocrx_word' id='word_1_440' title='bbox 1287 3576 1434 3635; x_wconf 88' lang='lat' dir='ltr'><strong>hodierna</strong></span> <span class='ocrx_word' id='word_1_441' title='bbox 1447 3575 1495 3634; x_wconf 89' lang='lat' dir='ltr'><strong>die</strong></span> <span class='ocrx_word' id='word_1_442' title='bbox 1510 3575 1661 3634; x_wconf 88' lang='lat' dir='ltr'><strong>amortuis</strong></span> <span class='ocrx_word' id='word_1_443' title='bbox 1675 3575 1847 3647; x_wconf 81' lang='lat' dir='ltr'><strong>resurrexit,</strong></span> <span class='ocrx_word' id='word_1_444' title='bbox 1865 3576 1972 3634; x_wconf 85' lang='lat' dir='ltr'><strong>morti·</strong></span> 
     </span>
     <span class='ocr_line' id='line_1_39' title="bbox 307 3659 1973 3736; baseline 0.001 -18"><span class='ocrx_word' id='word_1_445' title='bbox 307 3661 342 3718; x_wconf 91' lang='lat' dir='ltr'><strong>in</strong></span> <span class='ocrx_word' id='word_1_446' title='bbox 359 3659 482 3720; x_wconf 89' lang='lat' dir='ltr'><strong>nomine</strong></span> <span class='ocrx_word' id='word_1_447' title='bbox 500 3660 617 3721; x_wconf 90' lang='lat' dir='ltr'><strong>Domini</strong></span> <span class='ocrx_word' id='word_1_448' title='bbox 631 3662 726 3722; x_wconf 81' lang='lat' dir='ltr'><strong>nosci</strong></span> <span class='ocrx_word' id='word_1_449' title='bbox 740 3663 813 3723; x_wconf 84' lang='lat' dir='ltr'><strong>iesu</strong></span> <span class='ocrx_word' id='word_1_450' title='bbox 827 3663 944 3736; x_wconf 80' lang='lat' dir='ltr'><strong>Christi,</strong></span> <span class='ocrx_word' id='word_1_451' title='bbox 958 3671 1014 3725; x_wconf 87' lang='lat' dir='ltr'><strong>ato.</strong></span> <span class='ocrx_word' id='word_1_452' title='bbox 1134 3664 1973 3728; x_wconf 83' lang='lat' dir='ltr'><strong>ficationisomnimodaevobisconterensdonum.resur·</strong></span> 
     </span>
     <span class='ocr_line' id='line_1_40' title="bbox 545 3751 1970 3825; baseline -0.002 -12"><span class='ocrx_word' id='word_1_453' title='bbox 545 3751 596 3813; x_wconf 77' lang='lat' dir='ltr'><strong>Ad</strong></span> <span class='ocrx_word' id='word_1_454' title='bbox 615 3751 784 3825; x_wconf 71' lang='lat' dir='ltr'><strong>vesperam.</strong></span> <span class='ocrx_word' id='word_1_455' title='bbox 1135 3767 1266 3824; x_wconf 79' lang='lat' dir='ltr'><strong>gereres</strong></span> <span class='ocrx_word' id='word_1_456' title='bbox 1277 3751 1367 3810; x_wconf 86' lang='lat' dir='ltr'><strong>iaciat</strong></span> <span class='ocrx_word' id='word_1_457' title='bbox 1377 3752 1540 3810; x_wconf 86' lang='lat' dir='ltr'><strong>coeiestinm</strong></span> <span class='ocrx_word' id='word_1_458' title='bbox 1547 3751 1628 3811; x_wconf 91' lang='lat' dir='ltr'><strong>dono</strong></span> <span class='ocrx_word' id='word_1_459' title='bbox 1638 3752 1782 3810; x_wconf 84' lang='lat' dir='ltr'><strong>virtutum</strong></span> <span class='ocrx_word' id='word_1_460' title='bbox 1793 3769 1800 3810; x_wconf 91' lang='lat'>:</span> <span class='ocrx_word' id='word_1_461' title='bbox 1813 3763 1844 3824; x_wconf 72' lang='grc' dir='ltr'>ιι.</span> <span class='ocrx_word' id='word_1_462' title='bbox 1861 3755 1970 3810; x_wconf 79' lang='lat' dir='ltr'><strong>Amen.</strong></span> 
     </span>
     <span class='ocr_line' id='line_1_41' title="bbox 288 3834 1972 3917; baseline 0.001 -20"><span class='ocrx_word' id='word_1_463' title='bbox 288 3835 406 3897; x_wconf 72' lang='lat' dir='ltr'><strong>Laudo.</strong></span> <span class='ocrx_word' id='word_1_464' title='bbox 422 3834 634 3902; x_wconf 80' lang='lat' dir='ltr'><strong>Laudarerunt</strong></span> <span class='ocrx_word' id='word_1_465' title='bbox 648 3845 686 3912; x_wconf 90' lang='lat' dir='ltr'><strong>te,</strong></span> <span class='ocrx_word' id='word_1_466' title='bbox 699 3841 835 3910; x_wconf 86' lang='lat' dir='ltr'><strong>Domine,</strong></span> <span class='ocrx_word' id='word_1_467' title='bbox 852 3858 957 3904; x_wconf 87' lang='lat' dir='ltr'><strong>omnes</strong></span> <span class='ocrx_word' id='word_1_468' title='bbox 971 3843 1082 3917; x_wconf 73' lang='lat' dir='ltr'><strong>angeli</strong></span> <span class='ocrx_word' id='word_1_469' title='bbox 1136 3841 1171 3898; x_wconf 87' lang='lat' dir='ltr'><strong>Ui</strong></span> <span class='ocrx_word' id='word_1_470' title='bbox 1181 3839 1213 3896; x_wconf 93' lang='lat' dir='ltr'><strong>in</strong></span> <span class='ocrx_word' id='word_1_471' title='bbox 1223 3856 1259 3898; x_wconf 89' lang='lat' dir='ltr'><strong>eo</strong></span> <span class='ocrx_word' id='word_1_472' title='bbox 1275 3856 1394 3915; x_wconf 85' lang='lat' dir='ltr'><strong>semper</strong></span> <span class='ocrx_word' id='word_1_473' title='bbox 1408 3844 1499 3900; x_wconf 82' lang='lat' dir='ltr'><strong>vitam</strong></span> <span class='ocrx_word' id='word_1_474' title='bbox 1514 3840 1661 3908; x_wconf 88' lang='lat' dir='ltr'><strong>habeatis,</strong></span> <span class='ocrx_word' id='word_1_475' title='bbox 1678 3843 1710 3898; x_wconf 88' lang='lat' dir='ltr'><strong>in</strong></span> <span class='ocrx_word' id='word_1_476' title='bbox 1733 3839 1820 3914; x_wconf 85' lang='lat' dir='ltr'><strong>cujus</strong></span> <span class='ocrx_word' id='word_1_477' title='bbox 1834 3843 1972 3900; x_wconf 89' lang='lat' dir='ltr'><strong>mortam</strong></span> 
     </span>
     <span class='ocr_line' id='line_1_42' title="bbox 254 3921 1820 4010; baseline 0.002 -27"><span class='ocrx_word' id='word_1_478' title='bbox 254 3921 307 3991; x_wconf 83' lang='lat' dir='ltr'><strong>tal.</strong></span> <span class='ocrx_word' id='word_1_479' title='bbox 317 3929 346 3986; x_wconf 92' lang='lat' dir='ltr'><strong>ot</strong></span> <span class='ocrx_word' id='word_1_480' title='bbox 357 3926 509 4001; x_wconf 78' lang='lat' dir='ltr'><strong>hymnum</strong></span> <span class='ocrx_word' id='word_1_481' title='bbox 520 3927 666 3994; x_wconf 88' lang='lat' dir='ltr'><strong>dixerunt,</strong></span> <span class='ocrx_word' id='word_1_482' title='bbox 679 3926 753 3986; x_wconf 90' lang='lat' dir='ltr'><strong>dum</strong></span> <span class='ocrx_word' id='word_1_483' title='bbox 763 3927 921 4004; x_wconf 86' lang='lat' dir='ltr'><strong>perficeres</strong></span> <span class='ocrx_word' id='word_1_484' title='bbox 934 3931 1081 4010; x_wconf 81' lang='lat' dir='ltr'><strong>fabricam</strong></span> <span class='ocrx_word' id='word_1_485' title='bbox 1135 3929 1328 4004; x_wconf 89' lang='lat' dir='ltr'><strong>consepultos</strong></span> <span class='ocrx_word' id='word_1_486' title='bbox 1343 3945 1400 3988; x_wconf 87' lang='lat' dir='ltr'><strong>vos</strong></span> <span class='ocrx_word' id='word_1_487' title='bbox 1419 3945 1484 3988; x_wconf 89' lang='lat' dir='ltr'><strong>esse</strong></span> <span class='ocrx_word' id='word_1_488' title='bbox 1498 3931 1646 4002; x_wconf 86' lang='lat' dir='ltr'><strong>gaudetis.</strong></span> <span class='ocrx_word' id='word_1_489' title='bbox 1663 3941 1695 4004; x_wconf 74' lang='grc' dir='ltr'><strong>ιι.</strong></span> <span class='ocrx_word' id='word_1_490' title='bbox 1714 3931 1820 3987; x_wconf 77' lang='lat' dir='ltr'><strong>Amen.</strong></span> 
     </span>
     <span class='ocr_line' id='line_1_43' title="bbox 253 4013 1485 4096; baseline 0.004 -24"><span class='ocrx_word' id='word_1_491' title='bbox 253 4013 328 4072; x_wconf 81' lang='lat' dir='ltr'><strong>caeli.</strong></span> <span class='ocrx_word' id='word_1_492' title='bbox 343 4013 423 4072; x_wconf 83' lang='lat' dir='ltr'><strong>Tuus</strong></span> <span class='ocrx_word' id='word_1_493' title='bbox 441 4013 576 4083; x_wconf 82' lang='lat' dir='ltr'><strong>osidius,</strong></span> <span class='ocrx_word' id='word_1_494' title='bbox 591 4019 620 4073; x_wconf 90' lang='lat' dir='ltr'><strong>et</strong></span> <span class='ocrx_word' id='word_1_495' title='bbox 634 4018 687 4074; x_wconf 90' lang='lat' dir='ltr'><strong>tua</strong></span> <span class='ocrx_word' id='word_1_496' title='bbox 705 4020 751 4073; x_wconf 87' lang='lat' dir='ltr'><strong>ast</strong></span> <span class='ocrx_word' id='word_1_497' title='bbox 772 4032 833 4076; x_wconf 85' lang='lat' dir='ltr'><strong>nox</strong></span> <span class='ocrx_word' id='word_1_498' title='bbox 850 4035 857 4074; x_wconf 76' lang='grc' dir='ltr'>ι</span> <span class='ocrx_word' id='word_1_499' title='bbox 873 4020 909 4077; x_wconf 91' lang='lat' dir='ltr'><strong>P.</strong></span> <span class='ocrx_word' id='word_1_500' title='bbox 924 4021 967 4076; x_wconf 84' lang='lat' dir='ltr'><strong>Tu</strong></span> <span class='ocrx_word' id='word_1_501' title='bbox 987 4020 1081 4078; x_wconf 88' lang='lat' dir='ltr'><strong>iecisti</strong></span> <span class='ocrx_word' id='word_1_502' title='bbox 1132 4089 1134 4096; x_wconf 55' lang='lat'><strong>.</strong></span> <span class='ocrx_word' id='word_1_503' title='bbox 1170 4024 1223 4080; x_wconf 92' lang='lat' dir='ltr'><strong>Per</strong></span> <span class='ocrx_word' id='word_1_504' title='bbox 1238 4019 1485 4079; x_wconf 88' lang='lat' dir='ltr'><strong>misericordiam.</strong></span> 
     </span>
     <span class='ocr_line' id='line_1_44' title="bbox 254 4095 1974 4179; baseline 0.007 -23"><span class='ocrx_word' id='word_1_505' title='bbox 254 4097 349 4156; x_wconf 89' lang='lat' dir='ltr'><strong>solam</strong></span> <span class='ocrx_word' id='word_1_506' title='bbox 359 4105 389 4159; x_wconf 87' lang='lat' dir='ltr'><strong>et</strong></span> <span class='ocrx_word' id='word_1_507' title='bbox 407 4095 526 4160; x_wconf 88' lang='lat' dir='ltr'><strong>lunam.</strong></span> <span class='ocrx_word' id='word_1_508' title='bbox 542 4100 574 4165; x_wconf 75' lang='lat' dir='ltr'><strong>i.</strong></span> <span class='ocrx_word' id='word_1_509' title='bbox 590 4103 632 4160; x_wconf 85' lang='lat' dir='ltr'><strong>Tu</strong></span> <span class='ocrx_word' id='word_1_510' title='bbox 647 4101 830 4162; x_wconf 89' lang='lat' dir='ltr'><strong>coulirmasti</strong></span> <span class='ocrx_word' id='word_1_511' title='bbox 844 4105 876 4164; x_wconf 92' lang='lat' dir='ltr'><strong>in</strong></span> <span class='ocrx_word' id='word_1_512' title='bbox 901 4107 1007 4165; x_wconf 85' lang='lat' dir='ltr'><strong>virtute</strong></span> <span class='ocrx_word' id='word_1_513' title='bbox 1030 4115 1081 4167; x_wconf 86' lang='lat' dir='ltr'><strong>tua</strong></span> <span class='ocrx_word' id='word_1_514' title='bbox 1169 4109 1435 4168; x_wconf 75' lang='lat' dir='ltr'><strong>bauduinlerunl</strong></span> <span class='ocrx_word' id='word_1_515' title='bbox 1445 4109 1608 4167; x_wconf 91' lang='lat' dir='ltr'><strong>Dominum</strong></span> <span class='ocrx_word' id='word_1_516' title='bbox 1622 4121 1736 4179; x_wconf 90' lang='lat' dir='ltr'><strong>meum,</strong></span> <span class='ocrx_word' id='word_1_517' title='bbox 1747 4107 1904 4176; x_wconf 86' lang='lat' dir='ltr'><strong>einescio,</strong></span> <span class='ocrx_word' id='word_1_518' title='bbox 1920 4109 1974 4168; x_wconf 87' lang='lat' dir='ltr'><strong>ubi</strong></span> 
     </span>
     <span class='ocr_line' id='line_1_45' title="bbox 252 4185 1975 4272; baseline 0.007 -28"><span class='ocrx_word' id='word_1_519' title='bbox 252 4200 337 4244; x_wconf 87' lang='lat' dir='ltr'><strong>mars</strong></span> <span class='ocrx_word' id='word_1_520' title='bbox 354 4200 362 4244; x_wconf 91' lang='lat'><strong>:</strong></span> <span class='ocrx_word' id='word_1_521' title='bbox 377 4186 422 4245; x_wconf 84' lang='lat' dir='ltr'><strong>&#39;Pu</strong></span> <span class='ocrx_word' id='word_1_522' title='bbox 447 4185 655 4248; x_wconf 87' lang='lat' dir='ltr'><strong>contribulasti</strong></span> <span class='ocrx_word' id='word_1_523' title='bbox 681 4190 780 4264; x_wconf 87' lang='lat' dir='ltr'><strong>capita</strong></span> <span class='ocrx_word' id='word_1_524' title='bbox 797 4191 965 4257; x_wconf 75' lang='lat' dir='ltr'><strong>maronam</strong></span> <span class='ocrx_word' id='word_1_525' title='bbox 983 4211 1075 4270; x_wconf 88' lang='lat' dir='ltr'><strong>super</strong></span> <span class='ocrx_word' id='word_1_526' title='bbox 1134 4202 1301 4272; x_wconf 88' lang='lat' dir='ltr'><strong>posuerunt</strong></span> <span class='ocrx_word' id='word_1_527' title='bbox 1324 4213 1404 4256; x_wconf 90' lang='lat' dir='ltr'><strong>enm.</strong></span> <span class='ocrx_word' id='word_1_528' title='bbox 1433 4197 1464 4254; x_wconf 89' lang='lat' dir='ltr'><strong>P.</strong></span> <span class='ocrx_word' id='word_1_529' title='bbox 1488 4196 1552 4257; x_wconf 77' lang='lat' dir='ltr'><strong>Noli</strong></span> <span class='ocrx_word' id='word_1_530' title='bbox 1577 4197 1659 4267; x_wconf 84' lang='lat' dir='ltr'><strong>llere,</strong></span> <span class='ocrx_word' id='word_1_531' title='bbox 1675 4199 1765 4257; x_wconf 79' lang='lat' dir='ltr'><strong>itaria</strong></span> <span class='ocrx_word' id='word_1_532' title='bbox 1779 4214 1788 4255; x_wconf 93' lang='grc'><strong>.·</strong></span> <span class='ocrx_word' id='word_1_533' title='bbox 1803 4200 1975 4257; x_wconf 78' lang='lat' dir='ltr'><strong>resurrexit</strong></span> 
     </span>
     <span class='ocr_line' id='line_1_46' title="bbox 253 4276 1974 4355; baseline 0.007 -23"><span class='ocrx_word' id='word_1_534' title='bbox 253 4287 364 4348; x_wconf 82' lang='lat' dir='ltr'><strong>aquas.</strong></span> <span class='ocrx_word' id='word_1_535' title='bbox 382 4277 418 4334; x_wconf 90' lang='lat' dir='ltr'><strong>P.</strong></span> <span class='ocrx_word' id='word_1_536' title='bbox 434 4279 476 4334; x_wconf 83' lang='lat' dir='ltr'><strong>Tu</strong></span> <span class='ocrx_word' id='word_1_537' title='bbox 489 4276 595 4338; x_wconf 75' lang='lat' dir='ltr'><strong>fausti.</strong></span> <span class='ocrx_word' id='word_1_538' title='bbox 1133 4286 1287 4344; x_wconf 88' lang='lat' dir='ltr'><strong>Dominus.</strong></span> <span class='ocrx_word' id='word_1_539' title='bbox 1313 4286 1447 4355; x_wconf 75' lang='lat' dir='ltr'><strong>Alleluia,</strong></span> <span class='ocrx_word' id='word_1_540' title='bbox 1465 4285 1593 4344; x_wconf 87' lang='lat' dir='ltr'><strong>alleluia.</strong></span> <span class='ocrx_word' id='word_1_541' title='bbox 1616 4286 1648 4350; x_wconf 75' lang='lat' dir='ltr'><strong>il.</strong></span> <span class='ocrx_word' id='word_1_542' title='bbox 1676 4287 1791 4345; x_wconf 78' lang='lat' dir='ltr'><strong>Etenim</strong></span> <span class='ocrx_word' id='word_1_543' title='bbox 1817 4285 1974 4346; x_wconf 88' lang='lat' dir='ltr'><strong>Dominus</strong></span> 
     </span>
     <span class='ocr_line' id='line_1_47' title="bbox 289 4363 1971 4446; baseline 0.007 -25"><span class='ocrx_word' id='word_1_544' title='bbox 289 4363 403 4422; x_wconf 76' lang='grc' dir='ltr'><strong>Οναιὲο.</strong></span> <span class='ocrx_word' id='word_1_545' title='bbox 424 4365 560 4424; x_wconf 81' lang='lat' dir='ltr'><strong>Laudant</strong></span> <span class='ocrx_word' id='word_1_546' title='bbox 571 4372 609 4442; x_wconf 90' lang='lat' dir='ltr'><strong>te,</strong></span> <span class='ocrx_word' id='word_1_547' title='bbox 625 4363 760 4438; x_wconf 87' lang='lat' dir='ltr'><strong>Domine,</strong></span> <span class='ocrx_word' id='word_1_548' title='bbox 775 4385 882 4430; x_wconf 89' lang='lat' dir='ltr'><strong>omnes</strong></span> <span class='ocrx_word' id='word_1_549' title='bbox 893 4371 1000 4446; x_wconf 75' lang='lat' dir='ltr'><strong>Anger</strong></span> <span class='ocrx_word' id='word_1_550' title='bbox 1013 4374 1077 4446; x_wconf 90' lang='lat' dir='ltr'><strong>tui;</strong></span> <span class='ocrx_word' id='word_1_551' title='bbox 1133 4373 1218 4431; x_wconf 90' lang='lat' dir='ltr'><strong>dabit</strong></span> <span class='ocrx_word' id='word_1_552' title='bbox 1226 4373 1467 4434; x_wconf 86' lang='lat' dir='ltr'><strong>benedictionem</strong></span> <span class='ocrx_word' id='word_1_553' title='bbox 1481 4391 1488 4431; x_wconf 81' lang='lat' dir='ltr'><strong>r</strong></span> <span class='ocrx_word' id='word_1_554' title='bbox 1502 4377 1532 4433; x_wconf 90' lang='lat' dir='ltr'><strong>et</strong></span> <span class='ocrx_word' id='word_1_555' title='bbox 1541 4380 1619 4436; x_wconf 87' lang='lat' dir='ltr'><strong>terra</strong></span> <span class='ocrx_word' id='word_1_556' title='bbox 1629 4373 1851 4434; x_wconf 84' lang='lat' dir='ltr'><strong>dabitirnctam</strong></span> <span class='ocrx_word' id='word_1_557' title='bbox 1863 4391 1971 4435; x_wconf 87' lang='lat' dir='ltr'><strong>snum.</strong></span> 
     </span>
     <span class='ocr_line' id='line_1_48' title="bbox 252 4433 1973 4535; baseline 0.008 -27"><span class='ocrx_word' id='word_1_558' title='bbox 252 4450 358 4510; x_wconf 87' lang='lat' dir='ltr'><strong>duma</strong></span> <span class='ocrx_word' id='word_1_559' title='bbox 372 4458 558 4514; x_wconf 89' lang='lat' dir='ltr'><strong>tesecreaios</strong></span> <span class='ocrx_word' id='word_1_560' title='bbox 567 4463 738 4530; x_wconf 88' lang='lat' dir='ltr'><strong>agnoscunt</strong></span> <span class='ocrx_word' id='word_1_561' title='bbox 752 4480 759 4516; x_wconf 77' lang='grc' dir='ltr'>ι</span> <span class='ocrx_word' id='word_1_562' title='bbox 773 4463 802 4518; x_wconf 89' lang='lat' dir='ltr'><strong>et</strong></span> <span class='ocrx_word' id='word_1_563' title='bbox 813 4467 954 4520; x_wconf 88' lang='lat' dir='ltr'><strong>cunctam</strong></span> <span class='ocrx_word' id='word_1_564' title='bbox 966 4468 1080 4521; x_wconf 88' lang='lat' dir='ltr'><strong>creatu·</strong></span> <span class='ocrx_word' id='word_1_565' title='bbox 1094 4433 1118 4493; x_wconf 75' lang='lat' dir='ltr'>D</span> <span class='ocrx_word' id='word_1_566' title='bbox 1134 4465 1163 4520; x_wconf 91' lang='lat' dir='ltr'><strong>P.</strong></span> <span class='ocrx_word' id='word_1_567' title='bbox 1177 4463 1241 4520; x_wconf 85' lang='lat' dir='ltr'><strong>licii</strong></span> <span class='ocrx_word' id='word_1_568' title='bbox 1257 4463 1338 4531; x_wconf 85' lang='lat' dir='ltr'><strong>llere,</strong></span> <span class='ocrx_word' id='word_1_569' title='bbox 1358 4465 1457 4524; x_wconf 86' lang='lat' dir='ltr'><strong>iiarla.</strong></span> <span class='ocrx_word' id='word_1_570' title='bbox 1472 4463 1505 4526; x_wconf 78' lang='lat' dir='ltr'><strong>i.</strong></span> <span class='ocrx_word' id='word_1_571' title='bbox 1520 4461 1629 4535; x_wconf 88' lang='lat' dir='ltr'><strong>Gloria,</strong></span> <span class='ocrx_word' id='word_1_572' title='bbox 1658 4470 1688 4524; x_wconf 91' lang='lat' dir='ltr'><strong>et</strong></span> <span class='ocrx_word' id='word_1_573' title='bbox 1707 4466 1804 4523; x_wconf 91' lang='lat' dir='ltr'><strong>bonor</strong></span> <span class='ocrx_word' id='word_1_574' title='bbox 1819 4467 1917 4524; x_wconf 85' lang='lat' dir='ltr'><strong>Patri.</strong></span> <span class='ocrx_word' id='word_1_575' title='bbox 1942 4465 1973 4522; x_wconf 90' lang='lat' dir='ltr'><strong>P.</strong></span> 
     </span>
     <span class='ocr_line' id='line_1_49' title="bbox 252 4541 1413 4624; baseline 0.009 -24"><span class='ocrx_word' id='word_1_576' title='bbox 252 4557 320 4602; x_wconf 88' lang='lat' dir='ltr'><strong>ram</strong></span> <span class='ocrx_word' id='word_1_577' title='bbox 327 4541 906 4624; x_wconf 80' lang='lat' dir='ltr'><strong>eclesumstqueterrsnamteopmeem</strong></span> <span class='ocrx_word' id='word_1_578' title='bbox 915 4551 1080 4611; x_wconf 84' lang='lat' dir='ltr'><strong>subsistere</strong></span> <span class='ocrx_word' id='word_1_579' title='bbox 1132 4550 1197 4609; x_wconf 89' lang='lat' dir='ltr'><strong>lioli</strong></span> <span class='ocrx_word' id='word_1_580' title='bbox 1211 4551 1292 4624; x_wconf 87' lang='lat' dir='ltr'><strong>flere,</strong></span> <span class='ocrx_word' id='word_1_581' title='bbox 1313 4552 1413 4612; x_wconf 80' lang='lat' dir='ltr'><strong>ituria</strong></span> 
     </span>
     <span class='ocr_line' id='line_1_50' title="bbox 252 4631 1973 4718; baseline 0.008 -28"><span class='ocrx_word' id='word_1_582' title='bbox 252 4647 290 4690; x_wconf 86' lang='lat' dir='ltr'><strong>ac</strong></span> <span class='ocrx_word' id='word_1_583' title='bbox 304 4631 426 4708; x_wconf 89' lang='lat' dir='ltr'><strong>disponi</strong></span> <span class='ocrx_word' id='word_1_584' title='bbox 436 4648 499 4692; x_wconf 91' lang='lat' dir='ltr'><strong>nou</strong></span> <span class='ocrx_word' id='word_1_585' title='bbox 511 4634 680 4708; x_wconf 87' lang='lat' dir='ltr'><strong>ambigunt.</strong></span> <span class='ocrx_word' id='word_1_586' title='bbox 689 4633 774 4696; x_wconf 90' lang='lat' dir='ltr'><strong>Dona</strong></span> <span class='ocrx_word' id='word_1_587' title='bbox 783 4654 855 4712; x_wconf 87' lang='lat' dir='ltr'><strong>ergo</strong></span> <span class='ocrx_word' id='word_1_588' title='bbox 864 4639 1013 4698; x_wconf 66' lang='lat' dir='ltr'><strong>meutims</strong></span> <span class='ocrx_word' id='word_1_589' title='bbox 1025 4657 1080 4700; x_wconf 83' lang='lat' dir='ltr'><strong>no·</strong></span> <span class='ocrx_word' id='word_1_590' title='bbox 1169 4641 1283 4700; x_wconf 85' lang='lat' dir='ltr'><strong>Oratio.</strong></span> <span class='ocrx_word' id='word_1_591' title='bbox 1299 4641 1420 4714; x_wconf 82' lang='lat' dir='ltr'><strong>Christe,</strong></span> <span class='ocrx_word' id='word_1_592' title='bbox 1434 4645 1487 4715; x_wconf 86' lang='lat' dir='ltr'><strong>qui</strong></span> <span class='ocrx_word' id='word_1_593' title='bbox 1501 4643 1573 4701; x_wconf 91' lang='lat' dir='ltr'><strong>olim</strong></span> <span class='ocrx_word' id='word_1_594' title='bbox 1596 4643 1734 4716; x_wconf 58' lang='lat' dir='ltr'><strong>manase</strong></span> <span class='ocrx_word' id='word_1_595' title='bbox 1747 4643 1845 4702; x_wconf 86' lang='lat' dir='ltr'><strong>unctis</strong></span> <span class='ocrx_word' id='word_1_596' title='bbox 1874 4644 1973 4718; x_wconf 74' lang='lat' dir='ltr'><strong>buius</strong></span> 
     </span>
     <span class='ocr_line' id='line_1_51' title="bbox 251 4720 1972 4808; baseline 0.008 -29"><span class='ocrx_word' id='word_1_597' title='bbox 251 4720 320 4780; x_wconf 89' lang='lat' dir='ltr'><strong>stris</strong></span> <span class='ocrx_word' id='word_1_598' title='bbox 332 4721 364 4780; x_wconf 91' lang='lat' dir='ltr'><strong>in</strong></span> <span class='ocrx_word' id='word_1_599' title='bbox 377 4722 519 4782; x_wconf 91' lang='lat' dir='ltr'><strong>omnibus</strong></span> <span class='ocrx_word' id='word_1_600' title='bbox 528 4723 670 4802; x_wconf 88' lang='lat' dir='ltr'><strong>operibns</strong></span> <span class='ocrx_word' id='word_1_601' title='bbox 681 4725 932 4800; x_wconf 85' lang='lat' dir='ltr'><strong>tuistibigloriam</strong></span> <span class='ocrx_word' id='word_1_602' title='bbox 944 4729 1017 4788; x_wconf 90' lang='lat' dir='ltr'><strong>dare</strong></span> <span class='ocrx_word' id='word_1_603' title='bbox 1029 4745 1038 4798; x_wconf 89' lang='lat'>;</span> <span class='ocrx_word' id='word_1_604' title='bbox 1048 4737 1078 4788; x_wconf 87' lang='lat' dir='ltr'><strong>at</strong></span> <span class='ocrx_word' id='word_1_605' title='bbox 1132 4729 1298 4788; x_wconf 85' lang='lat' dir='ltr'><strong>diluculum</strong></span> <span class='ocrx_word' id='word_1_606' title='bbox 1306 4732 1532 4790; x_wconf 89' lang='lat' dir='ltr'><strong>resurrectionis</strong></span> <span class='ocrx_word' id='word_1_607' title='bbox 1542 4737 1601 4792; x_wconf 76' lang='lat' dir='ltr'><strong>tuo</strong></span> <span class='ocrx_word' id='word_1_608' title='bbox 1613 4734 1756 4808; x_wconf 69' lang='lat' dir='ltr'><strong>mysterio</strong></span> <span class='ocrx_word' id='word_1_609' title='bbox 1765 4733 1972 4803; x_wconf 79' lang='lat' dir='ltr'><strong>massorasti,</strong></span> 
     </span>
     <span class='ocr_line' id='line_1_52' title="bbox 251 4811 1974 4896; baseline 0.009 -29"><span class='ocrx_word' id='word_1_610' title='bbox 251 4811 514 4886; x_wconf 76' lang='lat' dir='ltr'><strong>tesoiemJustitia</strong></span> <span class='ocrx_word' id='word_1_611' title='bbox 529 4820 674 4890; x_wconf 87' lang='lat' dir='ltr'><strong>perpetuo</strong></span> <span class='ocrx_word' id='word_1_612' title='bbox 686 4815 773 4874; x_wconf 88' lang='lat' dir='ltr'><strong>nobis</strong></span> <span class='ocrx_word' id='word_1_613' title='bbox 786 4815 903 4889; x_wconf 78' lang='lat' dir='ltr'><strong>fulgore</strong></span> <span class='ocrx_word' id='word_1_614' title='bbox 916 4818 1079 4878; x_wconf 84' lang='lat' dir='ltr'><strong>clarescere</strong></span> <span class='ocrx_word' id='word_1_615' title='bbox 1132 4818 1206 4877; x_wconf 89' lang='lat' dir='ltr'><strong>dum</strong></span> <span class='ocrx_word' id='word_1_616' title='bbox 1224 4819 1340 4894; x_wconf 74' lang='lat' dir='ltr'><strong>pumus</strong></span> <span class='ocrx_word' id='word_1_617' title='bbox 1362 4819 1425 4894; x_wconf 88' lang='lat' dir='ltr'><strong>ipse</strong></span> <span class='ocrx_word' id='word_1_618' title='bbox 1440 4834 1610 4896; x_wconf 83' lang='lat' dir='ltr'><strong>numquam</strong></span> <span class='ocrx_word' id='word_1_619' title='bbox 1634 4822 1808 4893; x_wconf 87' lang='lat' dir='ltr'><strong>mariturus,</strong></span> <span class='ocrx_word' id='word_1_620' title='bbox 1835 4829 1869 4882; x_wconf 89' lang='lat' dir='ltr'><strong>at</strong></span> <span class='ocrx_word' id='word_1_621' title='bbox 1891 4839 1974 4882; x_wconf 77' lang='lat' dir='ltr'><strong>varro</strong></span> 
     </span>
     <span class='ocr_line' id='line_1_53' title="bbox 250 4894 1975 4982; baseline 0.009 -29"><span class='ocrx_word' id='word_1_622' title='bbox 250 4894 354 4956; x_wconf 90' lang='lat' dir='ltr'><strong>iumen</strong></span> <span class='ocrx_word' id='word_1_623' title='bbox 368 4918 376 4954; x_wconf 90' lang='lat'><em>=</em></span> <span class='ocrx_word' id='word_1_624' title='bbox 391 4904 715 4975; x_wconf 85' lang='lat' dir='ltr'><strong>quatenusnocturnas</strong></span> <span class='ocrx_word' id='word_1_625' title='bbox 727 4901 866 4962; x_wconf 86' lang='lat' dir='ltr'><strong>tenebras</strong></span> <span class='ocrx_word' id='word_1_626' title='bbox 889 4909 941 4964; x_wconf 89' lang='lat' dir='ltr'><strong>tua</strong></span> <span class='ocrx_word' id='word_1_627' title='bbox 960 4923 1080 4982; x_wconf 85' lang='lat' dir='ltr'><strong>sempor</strong></span> <span class='ocrx_word' id='word_1_628' title='bbox 1133 4907 1271 4981; x_wconf 81' lang='lat' dir='ltr'><strong>primitia</strong></span> <span class='ocrx_word' id='word_1_629' title='bbox 1289 4909 1503 4971; x_wconf 83' lang='lat' dir='ltr'><strong>dormientium</strong></span> <span class='ocrx_word' id='word_1_630' title='bbox 1516 4910 1668 4970; x_wconf 79' lang='lat' dir='ltr'><strong>surrexisti</strong></span> <span class='ocrx_word' id='word_1_631' title='bbox 1680 4930 1689 4970; x_wconf 79' lang='lat' dir='ltr'><strong>e</strong></span> <span class='ocrx_word' id='word_1_632' title='bbox 1701 4911 1743 4970; x_wconf 89' lang='lat' dir='ltr'><strong>da</strong></span> <span class='ocrx_word' id='word_1_633' title='bbox 1760 4909 1864 4980; x_wconf 83' lang='lat' dir='ltr'><strong>nobis,</strong></span> <span class='ocrx_word' id='word_1_634' title='bbox 1882 4917 1920 4970; x_wconf 90' lang='lat' dir='ltr'><strong>ut</strong></span> <span class='ocrx_word' id='word_1_635' title='bbox 1943 4911 1975 4968; x_wconf 86' lang='lat' dir='ltr'><strong>in</strong></span> 
     </span>
     <span class='ocr_line' id='line_1_54' title="bbox 250 4983 1974 5076; baseline 0.009 -32"><span class='ocrx_word' id='word_1_636' title='bbox 250 4983 408 5045; x_wconf 70' lang='lat' dir='ltr'><strong>summm</strong></span> <span class='ocrx_word' id='word_1_637' title='bbox 425 4989 654 5050; x_wconf 88' lang='lat' dir='ltr'><strong>inluminatione</strong></span> <span class='ocrx_word' id='word_1_638' title='bbox 665 4992 769 5052; x_wconf 81' lang='lat' dir='ltr'><strong>vitare.</strong></span> <span class='ocrx_word' id='word_1_639' title='bbox 781 5003 817 5067; x_wconf 71' lang='lat' dir='ltr'><strong>a.</strong></span> <span class='ocrx_word' id='word_1_640' title='bbox 832 4997 940 5053; x_wconf 85' lang='lat' dir='ltr'><strong>limen.</strong></span> <span class='ocrx_word' id='word_1_641' title='bbox 1133 4999 1163 5056; x_wconf 85' lang='lat' dir='ltr'><strong>to</strong></span> <span class='ocrx_word' id='word_1_642' title='bbox 1175 5013 1396 5071; x_wconf 84' lang='lat' dir='ltr'><strong>resurgamusa</strong></span> <span class='ocrx_word' id='word_1_643' title='bbox 1408 4997 1496 5066; x_wconf 79' lang='lat' dir='ltr'><strong>vitiis,</strong></span> <span class='ocrx_word' id='word_1_644' title='bbox 1516 5005 1545 5058; x_wconf 89' lang='lat' dir='ltr'><strong>et</strong></span> <span class='ocrx_word' id='word_1_645' title='bbox 1558 4999 1637 5061; x_wconf 81' lang='lat' dir='ltr'><strong>vires</strong></span> <span class='ocrx_word' id='word_1_646' title='bbox 1648 5015 1826 5076; x_wconf 87' lang='lat' dir='ltr'><strong>reparamus</strong></span> <span class='ocrx_word' id='word_1_647' title='bbox 1835 5001 1974 5073; x_wconf 78' lang='lat' dir='ltr'><strong>perdita</strong></span> 
     </span>
     <span class='ocr_line' id='line_1_55' title="bbox 284 5077 1974 5158; baseline 0.002 -14"><span class='ocrx_word' id='word_1_648' title='bbox 284 5077 340 5133; x_wconf 68' lang='lat'><strong>¹³⁰¹</strong></span> <span class='ocrx_word' id='word_1_649' title='bbox 356 5077 605 5154; x_wconf 69' lang='lat' dir='ltr'><strong>miwrioordiam,</strong></span> <span class='ocrx_word' id='word_1_650' title='bbox 620 5086 676 5140; x_wconf 82' lang='lat' dir='ltr'><strong>cto.</strong></span> <span class='ocrx_word' id='word_1_651' title='bbox 1133 5087 1268 5146; x_wconf 89' lang='lat' dir='ltr'><strong>sanitatis</strong></span> <span class='ocrx_word' id='word_1_652' title='bbox 1284 5107 1292 5158; x_wconf 87' lang='lat'>;</span> <span class='ocrx_word' id='word_1_653' title='bbox 1307 5093 1340 5148; x_wconf 93' lang='lat' dir='ltr'><strong>ut</strong></span> <span class='ocrx_word' id='word_1_654' title='bbox 1350 5088 1382 5146; x_wconf 91' lang='lat' dir='ltr'><strong>in</strong></span> <span class='ocrx_word' id='word_1_655' title='bbox 1394 5092 1423 5148; x_wconf 89' lang='lat' dir='ltr'><strong>te</strong></span> <span class='ocrx_word' id='word_1_656' title='bbox 1440 5088 1629 5149; x_wconf 77' lang='lat' dir='ltr'><strong>vivificemur</strong></span> <span class='ocrx_word' id='word_1_657' title='bbox 1639 5089 1679 5149; x_wconf 93' lang='lat' dir='ltr'><strong>ad</strong></span> <span class='ocrx_word' id='word_1_658' title='bbox 1692 5093 1803 5150; x_wconf 86' lang='lat' dir='ltr'><strong>statum</strong></span> <span class='ocrx_word' id='word_1_659' title='bbox 1814 5103 1904 5148; x_wconf 76' lang='lat' dir='ltr'><strong>saras</strong></span> <span class='ocrx_word' id='word_1_660' title='bbox 1921 5105 1974 5148; x_wconf 86' lang='lat' dir='ltr'><strong>sa·</strong></span> 
     </span>
     <span class='ocr_line' id='line_1_56' title="bbox 284 5164 1973 5256; baseline 0.011 -33"><span class='ocrx_word' id='word_1_661' title='bbox 284 5164 373 5224; x_wconf 81' lang='lat' dir='ltr'><strong>Scae.</strong></span> <span class='ocrx_word' id='word_1_662' title='bbox 382 5165 490 5224; x_wconf 90' lang='lat' dir='ltr'><strong>iibiest</strong></span> <span class='ocrx_word' id='word_1_663' title='bbox 499 5183 580 5226; x_wconf 90' lang='lat' dir='ltr'><strong>mors</strong></span> <span class='ocrx_word' id='word_1_664' title='bbox 591 5170 713 5229; x_wconf 86' lang='lat' dir='ltr'><strong>victoria</strong></span> <span class='ocrx_word' id='word_1_665' title='bbox 725 5169 997 5235; x_wconf 81' lang='lat' dir='ltr'><strong>tualubiestmors</strong></span> <span class='ocrx_word' id='word_1_666' title='bbox 1008 5191 1079 5235; x_wconf 90' lang='lat' dir='ltr'><strong>acu·</strong></span> <span class='ocrx_word' id='word_1_667' title='bbox 1131 5173 1212 5248; x_wconf 87' lang='lat' dir='ltr'><strong>lutis,</strong></span> <span class='ocrx_word' id='word_1_668' title='bbox 1224 5176 1276 5249; x_wconf 90' lang='lat' dir='ltr'><strong>qui</strong></span> <span class='ocrx_word' id='word_1_669' title='bbox 1291 5192 1345 5250; x_wconf 87' lang='lat' dir='ltr'><strong>pro</strong></span> <span class='ocrx_word' id='word_1_670' title='bbox 1360 5177 1448 5235; x_wconf 88' lang='lat' dir='ltr'><strong>nobis</strong></span> <span class='ocrx_word' id='word_1_671' title='bbox 1463 5194 1496 5235; x_wconf 91' lang='lat' dir='ltr'><strong>es</strong></span> <span class='ocrx_word' id='word_1_672' title='bbox 1506 5177 1702 5240; x_wconf 83' lang='lat' dir='ltr'><strong>mortificatus</strong></span> <span class='ocrx_word' id='word_1_673' title='bbox 1716 5193 1815 5254; x_wconf 90' lang='lat' dir='ltr'><strong>usque</strong></span> <span class='ocrx_word' id='word_1_674' title='bbox 1830 5177 1876 5238; x_wconf 87' lang='lat' dir='ltr'><strong>ad</strong></span> <span class='ocrx_word' id='word_1_675' title='bbox 1895 5194 1973 5256; x_wconf 83' lang='lat' dir='ltr'><strong>sup·</strong></span> 
     </span>
     <span class='ocr_line' id='line_1_57' title="bbox 248 5253 1549 5339; baseline 0.01 -28"><span class='ocrx_word' id='word_1_676' title='bbox 248 5253 315 5312; x_wconf 89' lang='lat' dir='ltr'><strong>leus</strong></span> <span class='ocrx_word' id='word_1_677' title='bbox 327 5253 421 5312; x_wconf 76' lang='lat' dir='ltr'><strong>tuus?</strong></span> <span class='ocrx_word' id='word_1_678' title='bbox 435 5257 589 5315; x_wconf 81' lang='lat' dir='ltr'><strong>Resurrexi</strong></span> <span class='ocrx_word' id='word_1_679' title='bbox 605 5276 612 5320; x_wconf 89' lang='lat'>:</span> <span class='ocrx_word' id='word_1_680' title='bbox 628 5257 698 5317; x_wconf 88' lang='lat' dir='ltr'><strong>dicit</strong></span> <span class='ocrx_word' id='word_1_681' title='bbox 710 5261 855 5323; x_wconf 90' lang='lat' dir='ltr'><strong>Dominus</strong></span> <span class='ocrx_word' id='word_1_682' title='bbox 870 5282 877 5323; x_wconf 81' lang='lat' dir='ltr'><strong>r</strong></span> <span class='ocrx_word' id='word_1_683' title='bbox 894 5263 1029 5324; x_wconf 81' lang='lat' dir='ltr'><strong>Alleluia.</strong></span> <span class='ocrx_word' id='word_1_684' title='bbox 1043 5266 1075 5330; x_wconf 72' lang='lat' dir='ltr'><strong>t.</strong></span> <span class='ocrx_word' id='word_1_685' title='bbox 1131 5262 1254 5338; x_wconf 82' lang='lat' dir='ltr'><strong>plinium</strong></span> <span class='ocrx_word' id='word_1_686' title='bbox 1269 5265 1378 5324; x_wconf 86' lang='lat' dir='ltr'><strong>crucis.</strong></span> <span class='ocrx_word' id='word_1_687' title='bbox 1395 5278 1429 5339; x_wconf 75' lang='grc' dir='ltr'>ιι.</span> <span class='ocrx_word' id='word_1_688' title='bbox 1443 5269 1549 5324; x_wconf 79' lang='lat' dir='ltr'><strong>Amen.</strong></span> 
     </span>
     <span class='ocr_line' id='line_1_58' title="bbox 248 5341 1577 5430; baseline 0.014 -32"><span class='ocrx_word' id='word_1_689' title='bbox 248 5341 374 5416; x_wconf 85' lang='lat' dir='ltr'><strong>Propter</strong></span> <span class='ocrx_word' id='word_1_690' title='bbox 382 5343 537 5404; x_wconf 87' lang='lat' dir='ltr'><strong>miseriam</strong></span> <span class='ocrx_word' id='word_1_691' title='bbox 550 5344 687 5422; x_wconf 90' lang='lat' dir='ltr'><strong>inopum,</strong></span> <span class='ocrx_word' id='word_1_692' title='bbox 698 5353 727 5405; x_wconf 91' lang='lat' dir='ltr'><strong>et</strong></span> <span class='ocrx_word' id='word_1_693' title='bbox 736 5351 882 5422; x_wconf 82' lang='lat' dir='ltr'><strong>gemitum</strong></span> <span class='ocrx_word' id='word_1_694' title='bbox 892 5369 1072 5430; x_wconf 85' lang='lat' dir='ltr'><strong>pauperum,</strong></span> <span class='ocrx_word' id='word_1_695' title='bbox 1166 5355 1218 5410; x_wconf 86' lang='lat' dir='ltr'><strong>Per</strong></span> <span class='ocrx_word' id='word_1_696' title='bbox 1230 5354 1469 5415; x_wconf 89' lang='lat' dir='ltr'><strong>misericordiam</strong></span> <span class='ocrx_word' id='word_1_697' title='bbox 1481 5361 1577 5416; x_wconf 90' lang='lat' dir='ltr'><strong>tuam.</strong></span> 
     </span>
     <span class='ocr_line' id='line_1_59' title="bbox 248 5433 1698 5524; baseline 0.016 -38"><span class='ocrx_word' id='word_1_698' title='bbox 248 5445 331 5488; x_wconf 92' lang='lat' dir='ltr'><strong>nunc</strong></span> <span class='ocrx_word' id='word_1_699' title='bbox 344 5448 499 5507; x_wconf 87' lang='lat' dir='ltr'><strong>exurgam,</strong></span> <span class='ocrx_word' id='word_1_700' title='bbox 515 5433 586 5522; x_wconf 78' lang='lat' dir='ltr'><strong>dicit</strong></span> <span class='ocrx_word' id='word_1_701' title='bbox 600 5435 755 5496; x_wconf 89' lang='lat' dir='ltr'><strong>Dominus.</strong></span> <span class='ocrx_word' id='word_1_702' title='bbox 771 5435 907 5504; x_wconf 77' lang='lat' dir='ltr'><strong>afletaia.</strong></span> <span class='ocrx_word' id='word_1_703' title='bbox 1166 5441 1311 5499; x_wconf 89' lang='lat' dir='ltr'><strong>Dominus</strong></span> <span class='ocrx_word' id='word_1_704' title='bbox 1329 5443 1366 5502; x_wconf 93' lang='lat' dir='ltr'><strong>sit</strong></span> <span class='ocrx_word' id='word_1_705' title='bbox 1381 5461 1509 5521; x_wconf 88' lang='lat' dir='ltr'><strong>semper.</strong></span> <span class='ocrx_word' id='word_1_706' title='bbox 1522 5457 1554 5524; x_wconf 70' lang='grc' dir='ltr'><strong>ιι.</strong></span> <span class='ocrx_word' id='word_1_707' title='bbox 1570 5449 1603 5508; x_wconf 87' lang='lat' dir='ltr'><strong>iit</strong></span> <span class='ocrx_word' id='word_1_708' title='bbox 1617 5463 1698 5517; x_wconf 82' lang='lat' dir='ltr'><strong>cum,</strong></span> 
     </span>
     <span class='ocr_line' id='line_1_60' title="bbox 284 5519 1483 5597; baseline 0.015 -19"><span class='ocrx_word' id='word_1_709' title='bbox 284 5519 430 5583; x_wconf 82' lang='lat' dir='ltr'><strong>Dominus</strong></span> <span class='ocrx_word' id='word_1_710' title='bbox 445 5523 496 5584; x_wconf 89' lang='lat' dir='ltr'><strong>sit.</strong></span> <span class='ocrx_word' id='word_1_711' title='bbox 515 5533 552 5597; x_wconf 71' lang='lat' dir='ltr'><strong>a.</strong></span> <span class='ocrx_word' id='word_1_712' title='bbox 569 5522 605 5582; x_wconf 83' lang='lat' dir='ltr'><strong>ct</strong></span> <span class='ocrx_word' id='word_1_713' title='bbox 618 5539 700 5585; x_wconf 85' lang='lat' dir='ltr'><strong>cum.</strong></span> <span class='ocrx_word' id='word_1_714' title='bbox 1165 5529 1335 5593; x_wconf 89' lang='lat' dir='ltr'><strong>innomine</strong></span> <span class='ocrx_word' id='word_1_715' title='bbox 1354 5535 1483 5596; x_wconf 90' lang='lat' dir='ltr'><strong>Domini.</strong></span> 
     </span>
    </p>
   </div>
   <div class='ocr_carea' id='block_1_3' title="bbox 0 0 2067 6164">
    <p class='ocr_par' dir='ltr' id='par_1_3' title="bbox 0 0 2067 6164">
     <span class='ocr_line' id='line_1_61' title="bbox 0 0 2067 6164; baseline 0 0"><span class='ocrx_word' id='word_1_716' title='bbox 0 0 2067 6164; x_wconf 95' lang='lat' dir='ltr'><strong> </strong></span> 
     </span>
    </p>
   </div>
  </div>
 </body>
</html>
