4117 6175
85 367 134 429 589
653 370 831 429 DOMINiCA
850 370 887 428 IN
905 368 1019 432 banis
1039 370 1243 433 PALMARUM
1734 382 1790 449 590

116 496 269 569 Hymnus.
290 492 410 553 Veteris
433 491 589 551 advitam.
616 494 737 568 (otili.
760 496 951 570 capitem
1006 500 1118 559 Oratio.
1144 501 1341 575 Omnipotens
1367 496 1418 559 Dei
1447 502 1538 562 Filius
1562 506 1794 585 absisteretur

85 586 161 643 nens
174 578 423 643 auctoriumitris.
435 582 493 654 soi.
504 586 565 641 ste.
584 582 698 644 ιιιιιάα.
712 588 780 645 iirec
803 591 848 645 est
863 602 914 659 ge·
968 590 1062 648 verba
1076 588 1156 667 stylo
1168 590 1273 659 terreo,
1282 590 1350 650 iorti
1365 590 1474 651 scilicet
1497 597 1641 655 sententia
1662 598 1793 669 Petrum,

85 674 276 745 neretio.toi.
297 676 359 732 ste.
969 676 1796 758 scriptedignoscnntur;inpetrepraedurissime‚videli-

392 777 475 818 rems
503 776 614 826 ooserr
968 772 1015 824 cet
1026 768 1161 839 gentium
1173 768 1276 838 corde,
1291 768 1432 830 universe
1439 770 1646 831 membrorum
1658 774 1796 834 Ecclesia

373 850 423 906 Ad
436 850 630 907 Materiam.
967 857 1027 915 ture
1042 854 1135 915 corde
1150 857 1315 931 emolliens,
1335 859 1460 920 nomine
1476 878 1580 920 eorum
1596 863 1628 920 in
1640 861 1753 939 pagine
1765 864 1797 922 li·

125 940 311 1013 Antiphone.
327 936 451 997 Salvum
457 950 505 995 me
517 936 564 996 fec
575 937 753 997 Dcusmene.
767 940 914 1008 Quoniam
967 940 1015 1001 bri
1027 942 1096 1003 vitm
1111 945 1195 1017 digiti
1210 946 1253 1005 tui
1259 946 1450 1023 senotostylo
1463 950 1628 1021 conscribe
1638 968 1700 1027 quo
1708 957 1737 1012 et
1744 969 1797 1012 ne-

90 1034 123 1089 to
137 1028 311 1105 percussisti
325 1042 432 1085 omnes
446 1028 718 1085 adversantesmibi
732 1028 796 1087 sine
810 1044 914 1089 oense:
968 1032 1055 1091 tureli
1066 1034 1220 1107 turgedine
1235 1042 1365 1105 careant,
1381 1041 1410 1097 et
1425 1054 1499 1099 vere
1508 1036 1686 1101 humilitatis
1700 1040 1797 1117 gretia

89 1118 194 1178 dentes
198 1119 392 1193 peccatorum
398 1114 572 1173 centuriati.
583 1112 718 1175 Psetmes
729 1132 769 1175 ιιι.
969 1122 1141 1182 enitescent.
1158 1127 1303 1197 aimon.

124 1204 916 1283 omtioatontessiouemnostramnomiuepostquie
979 1284 983 1291 .
1064 1244 1070 1255 -
1271 1214 1308 1272 ia
1331 1214 1492 1275 Laudibus.

90 1304 158 1366 tem,
178 1296 306 1369 dignam
319 1294 377 1352 tuis
390 1290 597 1368 conspectibus
607 1292 690 1353 eiiice
707 1300 762 1353 :ut
784 1295 861 1356 sicut
872 1312 917 1356 re·
979 1308 983 1315 ·
1005 1300 1188 1373 sareptena.
1199 1298 1418 1379 Deus,propter
1430 1309 1458 1364 ie
1476 1308 1637 1381 apceeatis
1666 1310 1740 1368 meis
1753 1310 1795 1372 ia·

90 1387 233 1444 surrentin
247 1387 354 1443 nostra
374 1379 406 1440 in
419 1390 447 1441 ts
461 1381 590 1457 sumpsit
601 1381 778 1457 exordium
793 1384 835 1443 ita
854 1386 917 1445 vite
971 1383 1048 1447 ciem
1063 1390 1147 1449 tuum
1160 1394 1270 1450 averte:
1284 1396 1311 1451 et
1324 1409 1428 1451 omnes
1442 1394 1613 1470 iniquitates
1624 1413 1708 1457 meas
1719 1399 1795 1459 dele.

88 1482 191 1534 nostre
205 1488 224 1532 a
238 1478 268 1532 te
281 1473 394 1531 babeat
406 1468 575 1546 praemium,
594 1474 759 1547 nostraque
773 1470 917 1545 fragilitas
971 1477 1120 1546 Quoniam
1133 1496 1189 1553 ego
1199 1478 1230 1539 in
1248 1480 1456 1556 iniquitatibus
1480 1490 1643 1559 conceptus
1666 1504 1735 1547 sum
1750 1494 1799 1549 :et

89 1570 140 1623 tuo
157 1564 316 1622 muniatur
326 1562 438 1621 auxilio
452 1579 459 1618 :
475 1566 509 1620 ut
536 1560 669 1619 bostium
689 1560 783 1621 millia
810 1564 917 1623 rabido
969 1568 1001 1627 in
1015 1570 1147 1644 peccetis
1157 1569 1272 1645 peperit
1287 1590 1334 1631 me
1345 1580 1441 1633 meter
1452 1590 1526 1634 mea.
1542 1575 1678 1635 Psoimes
1691 1594 1721 1637 n.

88 1670 144 1712 uos
157 1652 412 1711 circumdantium
425 1648 552 1722 fremitu,
578 1654 631 1710 tuo
644 1652 859 1727 dispergentur
870 1654 917 1726 jn·
1007 1656 1094 1735 ³51
1112 1661 1221 1720 Oratio.
1238 1660 1480 1735 ignoscentibus
1501 1665 1600 1723 nobis.
1613 1666 1669 1736 fol.
1680 1671 1743 1726 259.

88 1742 178 1816 dicio,
195 1748 308 1815 tuoque
319 1742 512 1798 conterantur
523 1744 672 1815 respectu,
686 1740 803 1816 tuisque
809 1742 917 1817 iaculis
1006 1746 1183 1820 Antipisocc
1199 1749 1345 1809 Dominus
1356 1768 1476 1811 mecum
1502 1756 1546 1810 est
1569 1754 1656 1827 quasi
1672 1753 1798 1814 bellator

87 1832 303 1889 vulnerentur:
318 1834 348 1887 et
361 1829 447 1903 plebs
462 1834 515 1887 ate
533 1831 664 1899 condite,
680 1829 915 1907 ateredempta,
931 1838 956 1909 Β
972 1836 1055 1895 fortis
1071 1854 1078 1895 :
1095 1836 1206 1896 idcirco
1220 1838 1273 1912 qui
1281 1844 1499 1913 persequuntur
1509 1857 1568 1911 me,
1583 1842 1700 1916 cadent,
1714 1843 1798 1903 etin·

86 1918 331 1992 eatcsnsccpta,
347 1914 419 1974 iidsi
443 1918 550 1976 mento
576 1922 740 1994 sanctoque
770 1916 918 1978 iemuietu
972 1920 1157 1983 ilrmiflaut:
1178 1924 1399 1984 contundantur
1426 1923 1627 1999 vehementer,
1651 1930 1798 2003 quianon

88 2018 219 2080 semper
225 2004 264 2064 ad
276 2010 490 2076 teconcerret;
505 2008 624 2083 tuisque
639 2007 671 2065 in
685 2006 801 2067 atriiste
814 2006 918 2067 crebro
971 2010 1179 2072 intellexerunt
1191 2014 1388 2088 obprobrium
1410 2016 1636 2089 sempiternum.

83 2096 252 2157 laudatura
270 2095 444 2166 consurgat.
456 2101 488 2168 tt.
521 2097 629 2153 imon.
1009 2102 1170 2161 Canticum.
1183 2102 1330 2162 Seduxisti
1346 2121 1405 2174 me,
1418 2104 1474 2176 soi.
1484 2104 1549 2163 276.

120 2180 300 2257 Antiphone
315 2177 812 2259 t.Posniiecismmcamutpetram
822 2181 920 2244 duris·
1009 2192 1122 2251 Oratio.
1139 2190 1451 2267 Redemptorhnmani
1461 2194 1710 2267 generisDomine
1722 2198 1801 2257 neus

85 2278 215 2342 simam,
232 2276 260 2333 et
272 2274 334 2332 scio
345 2274 492 2348 qnoniam
510 2288 572 2333 non
585 2272 763 2333 contundet.
776 2276 864 2334 iuxta
875 2278 920 2335 est
972 2278 1100 2339 bellator
1109 2278 1266 2358 fortis,qui
1279 2280 1410 2341 torcular
1420 2284 1570 2343 sustinens
1584 2284 1802 2361 passioniqip·

88 2363 295 2439 enimqnime
302 2360 456 2439 justificet.
464 2359 497 2426 t.
507 2362 593 2437 eripe
606 2360 699 2423 mede
708 2362 921 2422 inimicismeis
974 2366 1802 2446 sumqnoqustorcuiariuqnocalcetores‚coecuioasse

90 2453 172 2512 bens
183 2465 291 2511 mens:
308 2454 338 2510 st
354 2450 394 2510 eb
408 2450 635 2524 insurgentibus
650 2453 680 2510 in
693 2468 742 2510 me
755 2450 918 2512 liberame.
974 2454 1179 2532 dignosceris,·
1199 2459 1273 2518 dum
1296 2462 1324 2518 et
1339 2477 1357 2519 a
1370 2466 1465 2521 morte
1486 2463 1598 2536 surgis;
1617 2468 1647 2523 et
1665 2481 1730 2535 ees,
1749 2465 1803 2540 qui

124 2540 241 2600 orote
251 2539 363 2598 Christe
377 2542 464 2606 neus,
476 2540 529 2614 qni
540 2540 690 2599 mendum
713 2542 834 2599 veniens
849 2541 921 2599 libe-
974 2553 1003 2607 te
1016 2548 1163 2623 persecuti
1179 2553 1247 2607 sunt
1258 2554 1431 2607 corruentes
1443 2546 1690 2627 infirmantesque
1704 2557 1802 2614 osten·

89 2634 212 2691 reterns
222 2628 254 2687 in
271 2643 372 2697 cerne,
387 2627 496 2687 faciem
512 2632 605 2696 tuam,
620 2632 653 2686 ut
670 2632 786 2703 petrem
796 2629 922 2703 posuisti
975 2635 1039 2706 dis;
1054 2634 1154 2711 praba
1166 2636 1266 2706 nobis,
1286 2636 1318 2694 in
1330 2639 1387 2695 tuis
1400 2638 1592 2713 passionibus
1624 2646 1653 2699 et
1668 2642 1804 2703 hilariter

94 2719 290 2779 durissimam
302 2734 310 2788 ς
322 2718 402 2790 erige
415 2732 472 2775 uos
487 2718 633 2791 passionis
653 2723 711 2775 tum
736 2716 874 2792 exemplo
894 2720 923 2775 et
976 2739 1163 2785 emarescere
1177 2727 1206 2782 et
1215 2724 1383 2799 opulentius
1399 2726 1571 2786 conlaetari:
1586 2732 1626 2800 ut,
1648 2729 1724 2786 dum
1738 2730 1804 2787 inii-

95 2811 191 2867 crecis
203 2808 399 2866 circumvalla
411 2804 553 2881 presidio
564 2811 612 2877 ;nt
622 2805 818 2865 etiniideiitas
832 2822 887 2881 per
896 2810 923 2864 te
977 2808 1059 2871 deles
1069 2808 1196 2888 perfidie
1209 2811 1331 2882 cruciat,
1345 2812 1450 2871 fideles
1472 2812 1629 2874 conversio
1640 2815 1679 2875 eb
1694 2815 1804 2891 iniqui·

95 2896 221 2957 coelura
233 2891 394 2971 dispereat,
410 2897 438 2955 et
447 2911 568 2954 rursum
582 2894 712 2955 fideiites
725 2912 744 2956 a
758 2900 784 2956 te
799 2908 924 2956 corona·
977 2904 1039 2960 tete
1053 2900 1199 2959 absolvat.
1217 2912 1249 2974 ts.
1273 2902 1377 2959 Amen.

97 2994 164 3045 tare
178 2986 342 3062 perveniat.
364 2998 396 3056 ts.
407 2984 514 3044 Amen.
1014 2990 1261 3051 Meietioeriem.
1283 2990 1431 3051 liatutinis
1449 2992 1619 3053 meditabor
1630 2994 1698 3055 inte
1712 3014 1718 3057 :
1733 2996 1806 3071 quia

129 3076 340 3148 intiplosrat.
355 3076 521 3147 congrege,
538 3072 677 3146 Domine,
694 3074 926 3135 inimicotmeos
979 3080 1440 3155 inistiadiutormeus,ilomine.
1452 3082 1661 3147 incuriosus
1675 3084 1808 3148 meusad

97 3165 183 3240 qnasi
197 3177 321 3239 gregem
336 3161 377 3222 eti
390 3165 545 3222 modenam
559 3163 734 3223 :sanctifice
753 3164 821 3222 iilos
835 3165 866 3222 in
876 3163 925 3223 die
979 3175 1008 3230 tn
1018 3171 1056 3229 de
1069 3169 1135 3228 luce
1148 3170 1249 3243 vigilo.

99 3255 254 3312 occisionis
270 3255 342 3328 quia
357 3251 516 3313 dixerant:
541 3255 606 3312 iion
620 3253 734 3313 videbit
762 3251 926 3312 novissima
1016 3259 1133 3320 Laude.
1154 3263 1186 3317 tn
1199 3260 1308 3318 sanctis
1323 3259 1390 3333 ejus
1411 3260 1533 3321 iaudetc
1546 3261 1716 3322 Dominum.

100 3349 211 3404 nesae.
227 3345 260 3407 t.
275 3346 412 3408 Domine,
433 3343 542 3402 exandi
560 3345 726 3403 orationem
757 3359 859 3402 meam
876 3364 882 3404 :
899 3340 929 3404 et
1016 3345 1114 3404 Lectio
1131 3343 1203 3402 libri
1227 3343 1391 3404 Motecbim
1408 3345 1476 3420 (iii)
1502 3345 1615 3419 liceum
1630 3362 1697 3418 cop.
1712 3348 1806 3421 xvru).

102 3435 214 3492 clamor
226 3447 315 3492 meus
329 3431 367 3491 ad
381 3439 410 3492 te
426 3433 590 3507 perveniet.
606 3437 670 3492 Non
690 3431 927 3493 avertesieciem
1016 3437 1113 3508 ratleo
1126 3433 1248 3506 grades.

103 3528 183 3582 tuam
199 3541 219 3581 a
237 3539 297 3580 me.
1016 3524 1050 3581 ln
1064 3523 1121 3581 illis
1133 3523 1239 3581 diebus
1250 3523 1290 3581 alt
1297 3522 1394 3582 ileliae
1406 3523 1442 3582 ed
1455 3521 1557 3582 Achab
1573 3541 1580 3585 :
1594 3523 1740 3598 Ascende,
1756 3542 1807 3586 co·

135 3616 247 3673 Oratio.
260 3612 426 3686 congrege,
442 3609 578 3681 bomine,
595 3611 733 3671 inimicos
760 3617 828 3670 tuos
840 3613 928 3688 quasi
981 3611 1200 3673 mendeeibibc
1211 3611 1505 3685 3quiesonusmultae
1514 3611 1624 3689 pluvie
1635 3619 1691 3689 est,
1701 3620 1810 3675 liscon-

103 3717 223 3776 gregem
237 3703 276 3759 ed
296 3701 526 3774 victimamque
541 3706 593 3759 eut
607 3697 812 3774 resipiscentes
823 3701 862 3758 ed
871 3709 929 3760 ve·
982 3699 1026 3759 dit
1039 3698 1141 3758 Achab
1161 3703 1193 3757 ut
1210 3700 1388 3767 comederet,
1413 3703 1441 3760 et
1451 3701 1566 3762 biberet
1578 3721 1584 3762 :
1596 3703 1692 3764 ilelies
1706 3708 1807 3764 autem

103 3793 184 3850 niam
195 3791 330 3863 redeant,
347 3789 742 3864 antinmelisperdurantes
757 3789 930 3848 atemiteiis
982 3788 1117 3850 escendit
1127 3787 1159 3846 in
1171 3787 1313 3847 verticem
1326 3789 1463 3863 Carmeli,
1477 3797 1627 3867 etpronus
1646 3793 1678 3852 irr
1700 3798 1810 3856 terram

101 3883 215 3954 jndicio
223 3880 454 3940 watabescent:
473 3881 505 3936 nt
522 3878 653 3946 tascius,
678 3878 931 3952 quivictimepro
982 3879 1081 3956 posuit
1094 3879 1200 3936 taciem
1212 3877 1562 3953 suamiutergenuasua,
1575 3881 1730 3942 etdixitad
1741 3899 1811 3958 pue·

100 3971 192 4030 nobis
208 3970 324 4029 munda
338 3969 458 4026 oblatus
473 3983 504 4024 es
515 3966 737 4035 Petri,victores
753 3964 930 4027 noseiiicies
982 3986 1051 4029 rum
1064 3983 1152 4026 suum
1168 3967 1330 4036 :Ascende
1340 3975 1369 4028 et
1378 3971 1517 4044 prospice
1528 3975 1632 4030 conns
1639 3988 1736 4032 mare.
1754 3975 1811 4041 Qui

101 4060 238 4118 miminis
247 4055 354 4117 nostri.
369 4068 401 4129 tp.
431 4058 537 4115 Amen.
571 4061 575 4068 '
984 4075 1052 4120 cum
1068 4055 1262 4127 escendisset,
1285 4060 1503 4134 contemplatos
1513 4060 1555 4118 ait
1570 4076 1578 4118 ι
1591 4063 1655 4119 Nou
1668 4065 1713 4120 est
1725 4061 1812 4136 quic-

21 4176 22 4223 ι
138 4147 310 4217 Antipboao
319 4145 419 4205 elien
434 4148 552 4204 avertes
565 4159 670 4202 eurem
686 4150 771 4204 tuem
784 4163 803 4204 a
814 4144 932 4218 singul·
984 4161 1088 4224 quem
1098 4147 1258 4205 Etrursum
1273 4147 1313 4206 eit
1323 4147 1364 4206 iiii
1376 4170 1382 4203 ι
1396 4150 1550 4207 Revertere
1562 4153 1676 4224 septem
1685 4149 1810 4210 vicibus,

98 4243 137 4298 tu
151 4229 690 4304 meo‚etc1amoribus,ilomineDcus
700 4250 804 4293 meus:
821 4249 931 4310 appro·
984 4241 1016 4296 in
1027 4233 1156 4310 septima
1172 4239 1273 4294 eniam
1285 4235 1360 4305 vice,
1377 4235 1450 4294 Ecce
1462 4235 1610 4296 nubecula
1623 4237 1812 4314 parvaquasi

97 4328 223 4402 pinque
237 4322 269 4381 in
282 4319 329 4382 die
354 4324 565 4392 tribulationis,
594 4328 623 4381 et
638 4323 685 4380 dic
713 4325 821 4383 enimoe
831 4341 929 4386 mete:
984 4323 1147 4398 vestigium
1164 4323 1294 4383 hominis
1314 4323 1496 4384 ascendebat
1513 4325 1550 4383 de
1562 4326 1647 4385 meri.
1672 4327 1729 4395 oui
1749 4327 1812 4386 aiii

97 4417 141 4473 Nc
156 4417 277 4473 timeas.
293 4414 375 4484 Vide,
403 4412 540 4472 Domine.
557 4411 730 4486 iniquitates
756 4430 861 4473 eorum
876 4412 933 4472 ed·
984 4412 1131 4484 Ascende,
1144 4413 1230 4472 etdio
1245 4413 1365 4471 Achab:
1389 4415 1485 4486 iunge
1495 4431 1618 4474 emtum
1629 4418 1714 4474 tuum
1725 4417 1813 4476 etde-

98 4517 225 4562 versnm
234 4517 286 4560 me
306 4522 313 4562 :
328 4501 433 4575 iudica
451 4499 601 4574 judicium
616 4515 732 4562 meum.
986 4503 1106 4570 scendo,
1122 4519 1160 4561 ne
1173 4505 1301 4576 occupet
1314 4507 1340 4559 tc
1350 4501 1462 4578 piuvia.
1472 4505 1606 4576 Cumque
1618 4509 1741 4562 verteret
1753 4504 1814 4562 huc

28 4626 29 4637 ι
137 4593 255 4651 oratio.
265 4594 330 4650 tion
346 4595 463 4649 evenes
480 4604 583 4650 eurem
593 4591 673 4648 tuem
692 4606 710 4648 a
726 4590 857 4664 singultu
880 4607 934 4651 no-
947 4561 972 4618 D
987 4597 1077 4670 etque
1092 4591 1171 4662 illuc,
1187 4607 1255 4648 ecce
1270 4590 1336 4648 coeli
1347 4591 1552 4651 contenebrati
1566 4595 1647 4662 sunt,
1662 4597 1691 4652 et
1705 4592 1812 4659 nubes,

103 4687 176 4751 stro,
190 4681 326 4748 Domine,
338 4694 394 4738 nec
400 4683 485 4738 tuum
491 4695 645 4737 removeas
656 4686 811 4755 aspectum
820 4681 934 4741 acorde
987 4684 1016 4743 at
1028 4685 1145 4752 ventus,
1157 4680 1268 4739 etiaota
1276 4683 1320 4738 est
1329 4679 1430 4756 pluvia
1436 4681 1571 4753 grandis.
1584 4679 1752 4740 Ascendere
1760 4680 1813 4737 ita·

108 4773 232 4831 contrito
240 4789 251 4846 ;
268 4768 516 4828 sodinauxilium
537 4767 674 4827 Ecclesia
700 4773 758 4827 tues
773 4771 935 4845 appropin—
986 4769 1275 4847 qusichebabiitin
1287 4770 1433 4828 Jezrehei:
1450 4775 1479 4829 et
1490 4787 1600 4831 manus
1611 4767 1816 4830 Dominiiecta

111 4877 189 4935 qua:
210 4865 247 4920 ut
268 4860 324 4936 qoi
350 4859 409 4917 teis
430 4857 627 4932 passionibus
642 4857 856 4931 conformatur,
876 4859 935 4917 tnis
988 4855 1260 4931 estsuperileiiam,
1268 4857 1591 4932 accinctisqueinmbis
1599 4857 1738 4916 currebat
1746 4861 1816 4918 ente

111 4967 227 5025 quoquc
241 4948 423 5007 muneribus
435 4945 615 5006 consoletur.
640 4957 673 5018 ιι.
686 4951 790 5014 emen,
988 4944 1101 5016 Achab,
1115 4941 1211 5003 donec
1223 4947 1336 5003 veniret
1349 4946 1530 5006 interrahel.
1549 4946 1637 5021 (Cep.
1655 4949 1818 5024 raedon-

145 5035 465 5111 n.0mnesadversarli
488 5035 549 5093 mei
579 5035 730 5111 persecuti
754 5039 891 5105 suntme,
906 5039 936 5094 ei
989 5035 1078 5096 cievit
1091 5034 1309 5102 autemiicheb‚
1320 5034 1437 5092 lezabel
1448 5034 1552 5094 omnia
1566 5051 1634 5110 ques
1645 5035 1753 5098 iecerat
1762 5037 1818 5095 lie-

114 5143 170 5187 nou
178 5131 248 5188 sunt
258 5127 356 5187 satiati
362 5141 450 5200 ;eccc
480 5123 558 5199 styic
589 5125 759 5184 scribentur
784 5141 937 5184 sermones
988 5121 1819 5201 lies‚etquomodooccidissetuniversosprophetasBasi

116 5219 178 5287 mei,
194 5219 413 5293 etreponeutur
421 5214 453 5272 in
461 5214 549 5286 libro,
560 5219 592 5272 ut
604 5213 704 5273 sintin
712 5213 935 5274 testimonium:
990 5211 1102 5288 gladio.
1116 5212 1251 5285 iiisitquc
1267 5210 1384 5269 lezabel
1406 5213 1553 5272 nuncium
1566 5215 1606 5275 ad
1632 5217 1755 5282 italiam,
1772 5211 1816 5272 di·

121 5319 166 5373 εει
176 5307 238 5365 scio
251 5305 327 5381 qnia
337 5309 467 5362 aeternus
481 5307 537 5361 cst.
545 5302 580 5362 P.
593 5303 649 5370 Qui
660 5319 708 5362 me
720 5300 877 5380 dereliquit
890 5319 938 5361 su·
991 5316 1080 5362 cens:
1096 5299 1242 5358 llaecmihi
1257 5297 1431 5372 iacientdii,
1443 5305 1541 5362 ethtec
1552 5303 1675 5375 addant,
1689 5301 1747 5362 nisi
1760 5301 1819 5360 hac

124 5396 606 5465 memmaesurgetcsromee,
622 5393 760 5467 quasiste
776 5392 936 5468 petituri.
990 5387 1819 5464 borecrasposueroanimamtuamsicutenimamnnius

65 5526 73 5537 ,
128 5472 255 5545 buinna
267 5485 349 5543 lices
362 5481 479 5559 aperuit
503 5480 577 5539 mihi
601 5497 717 5552 eurem,
746 5497 803 5556 ego
837 5487 938 5543 eutem
992 5479 1105 5543 exiliis.
1118 5479 1226 5538 'timuit
1240 5496 1311 5553 crgo
1327 5481 1472 5555 flellesei
1487 5495 1613 5552 surgens
1640 5477 1722 5548 abiit,
1742 5493 1820 5554 quo·

127 5571 172 5634 lie
186 5573 373 5636 mnrsdcc.
402 5571 477 5631 eece
493 5571 570 5630 Deus
599 5571 757 5633 auxiliator
782 5587 878 5631 meus.
903 5571 937 5632 Ρ.
992 5569 1317 5646 cumqueeumisrobet
1331 5567 1821 5643 voluutaszvsnitqueinilersebee

125 5646 179 5726 iu,
991 5661 1081 5736 tuda,
1095 5665 1124 5724 et
1134 5661 1294 5724 dimisitibi
1308 5675 1438 5736 puerum
1452 5673 1552 5732 suum,
1564 5657 1819 5742 etpcrrexitiudo-
