4117 6175
140 240 199 297 209
596 247 600 255 “
659 236 766 295 raaia
781 236 820 297 vt
837 235 928 295 Posr
946 234 1119 297 ucrlvsu
1137 238 1357 303 aripaldus.
1798 248 1857 321 'ilo

144 363 174 420 P.
190 366 226 421 tit
239 361 381 421 salutare.
405 360 438 422 tt.
456 358 563 428 Gloria,
585 362 615 419 et
629 359 738 429 bonor,
761 364 816 420 etc.
824 362 856 418 P.
870 363 906 419 ut
926 361 1011 418 sa-rl
1028 362 1167 434 salutem,
1181 368 1402 442 etpatientiam.
1418 372 1450 428 lit
1463 370 1641 433 invocabitis
1648 392 1710 450 me,
1732 384 1761 439 st
1771 382 1855 443 time·

143 452 251 511 lutare.
474 478 477 482 ²
1026 452 1110 510 bitis:
1122 456 1247 516 orabitis
1257 474 1316 527 me,
1329 462 1359 515 et
1371 472 1427 529 ago
1449 460 1611 521 exaudiam
1627 480 1694 525 ros.
1710 470 1854 536 Quaeretis

180 540 295 599 Oratio.
310 542 400 608 bens,
427 539 481 613 qui
497 538 975 612 confitentiumtibiocrdapuritl·
1027 548 1118 609 meet
1129 544 1305 605 invenietiss
1322 562 1393 605 cum
1404 549 1581 622 quesieritis
1589 567 1638 611 me
1649 552 1681 613 in
1689 561 1751 617 tcto
1763 561 1854 620 eorde

140 646 203 702 cas,
214 634 457 689 etaceusantem.
470 628 685 688 conscientiam
701 629 741 687 ab
755 629 840 687 omni
850 627 972 685 vinculo
1025 634 1315 695 vestrolitinveniar
1326 635 1491 707 arobis,ait
1497 638 1644 699 Dominus
1650 646 1853 720 omnipotens.

138 716 732 794 iniquitatisabaolvissdaindulgentiam
743 716 973 784 tamulis‚etcoe-
1062 731 1095 789 rc.
1110 722 1215 781 Amen.

136 806 970 890 lestisgratimsincerammedicincmeorumtribuecor·
1060 808 1204 882 Hyrtacus.
1228 812 1339 871 Christe
1354 813 1488 873 ooelestis.
1512 816 1853 889 Supptioatio.o1·0mug

139 897 275 971 poribus.
292 909 326 969 lc.
341 902 448 955 Amen.
1023 896 1253 974 Redemptorem
1268 901 1376 961 mundi.
1398 903 1526 977 aequis-e
1537 906 1593 977 sot.
1619 911 1679 966 l08.

173 987 230 1043 Per
248 984 498 1043 misericordiam.
1060 985 1562 1066 coottotoitespicsuominesuper
1573 994 1705 1056 famulos
1719 1002 1854 1059 tuoscm·

175 1072 970 1147 Antiphone3.Gcnvertere,ltomine,steripeanimas
1022 1073 1188 1133 nssfideles
1200 1082 1329 1148 egrotos
1341 1078 1385 1136 tui
1393 1080 1524 1137 nominis
1535 1080 1850 1145 invocationeauden·

139 1166 262 1221 nostras
278 1178 285 1219 :
297 1163 327 1218 P.
335 1161 475 1221 litsalvcs
481 1178 537 1220 uos
545 1160 593 1220 iae
603 1165 726 1235 propter
732 1160 968 1219 misericordiam
1022 1166 1082 1223 tes:
1100 1163 1198 1223 tribue
1210 1166 1253 1223 eis
1266 1166 1448 1227 medicinam
1458 1168 1623 1242 coelcstem3
1639 1172 1757 1230 tutelam
1771 1190 1854 1233 man·

141 1257 242 1308 tuam.
257 1250 333 1318 Ouia
344 1266 407 1309 nou
421 1255 468 1308 est
479 1249 511 1309 in
525 1254 630 1317 morte,
644 1249 697 1322 qui
706 1249 870 1307 memorsit
881 1247 968 1309 tuit.
1022 1250 1061 1307 tis
1074 1249 1210 1323 inlunde,
1221 1258 1250 1311 et
1259 1253 1298 1312 ab
1317 1254 1401 1313 omni
1408 1254 1591 1323 infirmitate,
1605 1262 1634 1316 et
1646 1256 1851 1331 languorceos

144 1338 284 1407 llcmine,
297 1354 334 1395 nc
345 1338 377 1397 in
391 1335 491 1397 lurore
505 1342 557 1396 tuo
566 1352 677 1409 argues
690 1352 755 1407 nos,
771 1336 909 1410 nequein
925 1336 969 1394 ira
1020 1324 1148 1397 liberare
1160 1341 1298 1413 dignare.

144 1432 201 1484 tue
210 1426 355 1499 corripias
363 1442 432 1484 nos.
446 1427 512 1483 P.Et
527 1424 639 1484 salvos.
653 1425 797 1493 iGtoric,
819 1428 848 1483 ct
859 1424 967 1490 honor,
1057 1427 1141 1485 Pater
1154 1434 1269 1488 noser.
1288 1430 1409 1489 Ammo
1421 1446 1478 1489 nos
1489 1430 1594 1491 libere.
1607 1434 1731 1507 nequire
1741 1438 1843 1508 sotto.

141 1518 199 1572 etc.
214 1517 250 1572 lit
264 1514 365 1573 salvos
377 1531 444 1572 nos.
1057 1516 1171 1575 Murio.
1183 1516 1288 1575 Salvos
1298 1534 1356 1577 nos
1369 1518 1425 1579 lac.
1452 1520 1633 1579 Benedictio.
1655 1524 1852 1598 Omnipotens

177 1603 291 1661 Oratio·
306 1603 426 1671 Adesto,
438 1619 625 1677 quesumus,
640 1603 766 1661 Domine
781 1602 970 1675 supplicibus
1021 1603 1177 1663 Dominus.
1192 1608 1382 1684 Requiresct,
1397 1613 1458 1666 itii.

138 1691 267 1750 nostris:
282 1697 313 1751 st
330 1692 442 1767 quibus
455 1692 660 1751 austeritatem
672 1692 762 1763 josto
776 1691 968 1749 correctionis
985 1701 1009 1759 Β
1058 1694 1116 1753 Per
1126 1696 1303 1766 Horosdiei,
1319 1702 1352 1755 ut
1362 1699 1395 1755 io
1407 1700 1468 1757 otio
1481 1704 1611 1771 tempore
1621 1715 1633 1772 ,·
1643 1709 1759 1773 eccepto
1772 1704 1852 1777 quod

136 1781 262 1854 intligis,
275 1782 424 1857 propitius
443 1780 554 1839 adhibe
567 1780 714 1840 auxilium
728 1780 969 1839 misericordissi-
1022 1783 1064 1841 ud
1078 1784 1207 1843 Tertium
1216 1786 1358 1844 donator·
1372 1788 1434 1845 ltere
1444 1789 1551 1858 cotom,
1563 1805 1627 1861 que
1637 1797 1812 1863 sequuntur.

137 1886 200 1929 mm
212 1869 437 1929 consolationis.
453 1881 486 1942 rr.
497 1873 605 1928 lmen.
1057 1871 1224 1944 Prophetia.
1238 1872 1302 1939 Pili,
1317 1874 1440 1933 Custodi
1456 1891 1606 1935 sermones
1620 1878 1844 1953 mcosttequire

176 1961 229 2019 Per
246 1958 493 2017 misericordiam.
640 2020 645 2029 ,
1020 1959 1075 2030 sot.
1090 1964 1134 2017 ti.

173 2060 208 2121 ἢ.
218 2048 317 2105 Virtus
330 2051 444 2116 nostra,
461 2048 597 2117 bomine,
608 2052 675 2105 esto
685 2047 912 2105 firmamentum
923 2046 968 2103 in·
1059 2048 1226 2121 antiplona
1240 2052 1266 2108 l.
1277 2050 1421 2109 Dominus
1431 2052 1573 2112 virtutum
1583 2054 1649 2128 ipse
1664 2059 1710 2113 est
1720 2070 1773 2113 rex
1787 2055 1852 2129 glo-

136 2138 247 2207 firmb,
262 2139 304 2197 P.
317 2140 388 2195 Esto
400 2136 564 2210 retugium,
578 2135 758 2195 etliberator
769 2134 966 2209 oppressisti.
1022 2138 1084 2195 rim.

138 2229 209 2285 5¹¹⁰
216 2226 377 2285 linthium
388 2230 524 2284 nostrum
539 2225 571 2284 in
582 2224 969 2291 mercennariorum
1060 2226 1174 2285 Oratio.
1190 2227 1407 2287 Dominatertis
1424 2233 1453 2287 et
1467 2233 1584 2302 potens,
1618 2233 1743 2292 Domine
1762 2233 1853 2291 virtu·

138 2319 278 2390 ternpore
286 2314 494 2375 tribulationis.
508 2319 539 2373 P.
554 2318 623 2374 Estc
640 2314 801 2387 refugium.
813 2314 844 2375 tt.
860 2312 968 2383 Gloria,
1023 2318 1099 2387 tum,
1114 2316 1179 2390 ipse
1190 2332 1223 2375 es
1233 2331 1285 2373 rex
1297 2317 1416 2389 glorios:
1432 2317 1473 2376 ab
1496 2319 1581 2379 omni
1593 2325 1717 2393 paccata
1730 2335 1782 2377 cor
1799 2335 1851 2379 nc·

138 2405 289 2473 ethonor,
303 2409 362 2463 etc.
374 2406 553 2463 Retterctur.
563 2415 596 2476 te.
1022 2408 1119 2463 suum
1128 2404 1292 2476 munda,et
1302 2420 1411 2465 manus
1419 2408 1686 2467 nostrasinnoxias
1696 2422 1799 2476 serva;
1820 2412 1850 2467 et

176 2493 395 2565 Bgccccidam,
411 2492 663 2552 ctriserefaciam
675 2509 682 2548 ε
694 2491 969 2565 percutiemetego
1022 2492 1141 2551 animas
1153 2497 1270 2552 nostras
1284 2495 1440 2555 avanitata
1447 2496 1595 2555 dissocia:
1607 2502 1640 2554 ut
1656 2496 1690 2554 in
1704 2498 1771 2555 loco
1782 2512 1850 2556 san·

139 2582 274 2641 mm.
1023 2585 1071 2639 oto
1080 2586 1132 2639 tuo
1141 2583 1464 2653 stare,etataltomino
1474 2585 1648 2642 liconostrc
1660 2584 1841 2655 benedictio,

249 2670 409 2729 cantuum
434 2669 659 2728 Deotmooomii
671 2668 857 2739 (dormit).
1022 2682 1094 2726 nem
1110 2683 1280 2725 mereamur
1291 2668 1451 2741 percipere.
1472 2681 1506 2739 rc.
1520 2674 1626 2728 Amen.

174 2757 252 2816 vidit
265 2759 348 2815 enim
359 2773 411 2815 cos
421 2757 580 2831 ,fatigatos
596 2759 645 2814 'ct
669 2754 802 2813 detectos
825 2754 858 2811 in
871 2753 968 2813 obdu·
1058 2756 1113 2812 Per
1135 2755 1373 2815 misericordiam
1389 2763 1484 2814 tuam.

138 2847 248 2915 ctione,
264 2854 294 2905 et
306 2846 478 2905 dissolutos.
1058 2843 1203 2902 Dominus
1221 2843 1259 2901 sit
1273 2858 1392 2917 semper
1407 2842 1572 2902 vobiscum.
1586 2856 1619 2915 rc.
1632 2846 1667 2902 lit
1694 2860 1776 2904 cum.

174 2938 209 2995 lit
222 2936 313 2995 dixit:
327 2936 384 2994 tibi
393 2939 463 2993 sunt
470 2935 512 2992 dii
524 2935 566 3010 tui
589 2934 687 3000 lsrael,
701 2935 710 2956 ·
726 2933 757 2991 in
774 2932 885 3007 quibus
898 2947 969 2991 con·
1063 2934 1146 3005 107
1156 2933 1334 3005 Antiphone
1348 2938 1375 2991 2.
1387 2932 1432 2991 Ad
1446 2936 1474 2991 te
1483 2932 1853 2993 nominetevavianimam

137 3024 299 3084 fidebasin
313 3024 414 3101 ipsis?
972 3048 1002 3108 ‚C
1021 3038 1134 3088 meam,
1146 3024 1329 3081 Deusmcus.
1349 3024 1486 3081 Psotmus
1506 3038 1603 3081 xxnr.

174 3114 216 3173 De
228 3131 360 3190 quorum
374 3115 464 3188 adipe
473 3113 692 3172 sacrificiorum
705 3111 852 3183 edebatis,
861 3113 869 3130 ⁸
879 3115 908 3170 et
920 3111 966 3170 bi·
1060 3111 1523 3171 oratioautsuominetormam
1531 3112 1641 3171 animm
1667 3113 1855 3187 nostrespei

135 3202 256 3262 bebetis
267 3204 371 3261 vinum
384 3203 565 3262 libationum
577 3218 698 3261 eorum:
1021 3200 1206 3260 adminiculo
1224 3201 1558 3275 erigentesprccamur,
1570 3201 1853 3260 siccamdesideriis

173 3296 327 3367 Exurgant
338 3309 430 3362 nunc,
445 3297 475 3350 et
487 3289 631 3365 adjuvent
642 3308 707 3358 vos,
720 3293 736 3326 ⁸
748 3295 777 3349 et
793 3291 869 3350 flant
882 3288 967 3350 vobis
1021 3289 1230 3364 spiritualibus
1240 3288 1371 3356 imbuas,
1397 3295 1430 3346 ut
1441 3288 1599 3347 carnaliter
1620 3289 1791 3346 conversuri
1804 3289 1856 3346 do-

135 3389 320 3458 protcctcrcs
1020 3379 1119 3440 sistet:
1136 3394 1174 3436 ne
1185 3377 1300 3436 inimici
1323 3376 1479 3436 derideant
1511 3375 1713 3448 promittendo
1732 3380 1851 3433 terrena

173 3473 394 3546 videte‚videte
417 3472 565 3546 qnoniam
579 3487 635 3544 ego
650 3487 720 3528 sum
746 3469 921 3536 Dominus·
939 3471 968 3524 ct
1021 3468 1075 3526 sed
1084 3467 1224 3542 specialis
1236 3466 1333 3538 gretia
1340 3463 1690 3539 pertrahaiadsuperna.
1698 3463 1739 3520 Tu
1750 3461 1853 3536 itaque

134 3577 201 3622 non
215 3568 263 3620 est
273 3561 351 3620 alius
365 3565 473 3635 preter
486 3576 555 3618 me:
1020 3559 1100 3616 Deus
1106 3557 1292 3630 omnipotens
1299 3555 1330 3612 id
1336 3569 1440 3627 sapere
1448 3552 1625 3617 concedant
1631 3549 1850 3626 raritatipotius

174 3653 237 3724 Ego
250 3667 332 3720 sam,
342 3648 396 3724 qui
411 3649 554 3715 occidam,
568 3652 596 3707 et
610 3647 710 3706 rivere
728 3646 838 3705 taciem
852 3667 860 3702 ε
874 3645 887 3669 ·
901 3659 968 3719 per·
1020 3659 1115 3720 quem
1123 3643 1279 3702 mandatio
1293 3641 1408 3702 ambiat
1417 3639 1578 3709 inderem
1592 3639 1634 3698 sic
1645 3637 1738 3697 libeat
1751 3638 1852 3698 humi-

136 3741 263 3808 cutiam,
277 3745 374 3812 elego
388 3736 515 3797 sanabo.
1020 3733 1096 3791 litati
1112 3732 1291 3797 insisterent
1297 3729 1566 3803 peridctmorbum
1573 3727 1722 3802 superbia
1732 3731 1852 3800 caveat,

174 3829 283 3898 Gloria,
298 3833 328 3888 ct
345 3827 445 3886 bonor
451 3827 540 3898 Patri,
554 3830 611 3885 etc.
1022 3815 1850 3892 sttucrumprmminbonorumcumsanotisperticipare

171 3919 336 3978 liciterctar
354 3917 542 3987 Antiphone.
1022 3913 1148 3968 suescat.
1164 3919 1201 3980 ir.
1218 3911 1324 3966 Amen.

169 3997 967 4078 ummmonummottptooo.illumina,nomine,vu1-
1057 3998 1110 4056 Per
1122 3995 1360 4056 misericordiam
1380 3998 1474 4053 tuam.

126 4101 203 4155 tum
215 4101 302 4154 tuum
312 4111 401 4170 super
420 4110 487 4161 nos,
503 4098 533 4153 et
552 4093 696 4151 miserere
709 4089 807 4148 nobis.
821 4089 855 4144 P.
869 4089 905 4145 nt
919 4101 969 4145 oo-
1011 4152 1015 4158 ,
1057 4085 1227 4157 Antiphone
1243 4089 1270 4144 3.
1282 4084 1354 4143 Vide
1373 4081 1574 4142 humilitatem
1582 4096 1694 4148 mecm,
1709 4079 1840 4146 Domine,

129 4186 448 4258 gnoscamusinterra
458 4185 541 4242 dam
553 4187 647 4241 tuam.
655 4181 688 4244 tt.
699 4180 778 4236 Deus
789 4177 968 4234 misereatur
1020 4173 1090 4231 vide
1117 4172 1254 4231 laborem
1284 4187 1406 4231 meum:
1422 4176 1451 4229 et
1473 4167 1589 4226 dimitte
1617 4171 1740 4242 peccata
1765 4182 1844 4226 mea.

124 4272 449 4340 nostrietbencdicst
476 4287 543 4330 nos.
569 4271 601 4326 Ρ.
630 4273 665 4328 Ut
686 4281 917 4340 cognoscamus.
933 4263 965 4326 t.
1011 4261 1160 4324 ,Psotmos
1172 4277 1251 4320 xxiv.

126 4361 248 4429 Gloria,
261 4366 290 4420 et
300 4363 409 4428 bonor,
421 4366 478 4420 etc.
490 4362 523 4419 P.
540 4363 577 4418 tlt
589 4371 821 4432 cognoscamus.
981 4395 1004 4451 D
1058 4344 1850 4423 randadjuvandumnostestina,Domins;adliberan·

167 4451 285 4510 Lucio.
296 4451 429 4510 nudate
438 4450 600 4510 ltcminum
614 4462 720 4506 omues
747 4448 872 4504 Gentes:
888 4441 965 4501 Allo·
1020 4439 1096 4497 dum
1104 4439 1249 4498 ncs.P.Ne
1259 4435 1713 4499 tardaveris.t.lieusinncmine
1722 4438 1773 4492 tuc
1785 4432 1843 4490 sal·

125 4538 209 4606 luia,
225 4539 354 4598 alleluia.
364 4541 397 4595 P.
411 4541 446 4597 lit
460 4537 630 4596 collaudate
643 4551 714 4594 eum
729 4548 836 4592 omnes
847 4529 965 4606 populi.
1018 4544 1137 4588 vcsnos
1152 4527 1200 4586 iac
1211 4545 1218 4586 :
1229 4528 1294 4586 etin
1305 4528 1414 4586 virtute
1423 4525 1573 4584 tualibora
1587 4526 1736 4583 nos.P.Ne
1747 4519 1844 4580 tarda·

125 4629 164 4692 t.
183 4628 568 4696 Quoniamccntlrmataast
585 4640 675 4699 super
690 4639 748 4681 nos
759 4619 966 4680 misericordia
1019 4619 1106 4678 veris.
1116 4618 1148 4680 i.
1163 4617 1271 4689 Gloria,
1284 4621 1313 4675 et
1323 4615 1428 4686 honor,
1444 4619 1500 4672 etc.
1512 4614 1692 4672 liciteretor.
1705 4623 1737 4682 rc.

125 4719 221 4791 ejus:
237 4721 267 4774 et
277 4717 388 4775 veritas
400 4715 521 4774 Domini
533 4717 635 4773 manet
653 4712 686 4770 iu
702 4717 857 4770 murnum.
874 4708 907 4764 P.
929 4708 967 4765 st
1055 4706 1170 4767 Laudo.
1182 4697 1845 4776 Alleluia,alleluiasllcluiaalleluia‚altaluia,

120 4805 302 4866 collaudate
316 4821 397 4864 eum.
419 4805 455 4865 i.
485 4803 593 4872 Gloria,
613 4804 643 4858 et
664 4800 773 4870 honor,
791 4801 847 4856 etc.
872 4797 906 4856 P.
929 4789 965 4852 lii
1018 4795 1148 4854 alleluia.
1161 4797 1237 4854 Laus
1250 4790 1612 4861 tibi,laustibi,laustibi,
1627 4787 1764 4855 laustibi,
1777 4787 1848 4846 Jesu

120 4895 389 4956 concursantium,
1017 4884 1144 4942 Christe.
1162 4883 1196 4945 i.
1207 4881 1315 4952 Gloria,
1331 4886 1360 4940 et
1384 4881 1480 4941 honor
1508 4879 1601 4950 Patri,
1620 4883 1649 4936 et
1668 4875 1739 4936 Filio
1775 4893 1845 4936 cum

156 4984 263 5042 Lectio
278 4985 352 5042 ttori
364 4983 525 5042 Hierermoe
535 4979 692 5051 Propiotoe
708 4977 796 5050 (Cap.
812 4978 903 5042 xxix),
1017 4971 1436 5046 Sanotcspirituspercuncta
1447 4967 1842 5036 secutaamenratteiuia,

159 5084 196 5141 a.
216 5071 280 5131 Dec
294 5071 416 5144 maias.
1015 5060 1144 5119 alleluia.

159 5162 230 5218 llec
242 5159 313 5218 dicit
324 5159 490 5218 Dominus:
506 5160 580 5215 licce
605 5170 662 5227 ego
677 5153 808 5212 visitabo
823 5167 878 5208 vos
895 5167 902 5208 :
929 5153 959 5208 et
1049 5152 1166 5209 Preces.
1183 5151 1247 5206 lton
1261 5153 1304 5206 est
1318 5148 1404 5207 alius.
1431 5148 1463 5204 P.
1477 5147 1538 5206 Nisi
1548 5151 1580 5206 tu
1601 5147 1691 5206 Deus.
1714 5146 1746 5208 i.
1773 5145 1842 5209 Qum

117 5248 282 5308 suscitabo
290 5263 383 5323 super
394 5264 449 5306 ros
458 5246 586 5306 verbum
594 5239 960 5308 meumbonum,utredu.
1013 5237 1093 5296 orari
1127 5237 1233 5310 poscit.
1260 5239 1290 5294 P.
1321 5237 1382 5295 Nisi
1411 5241 1444 5296 tu
1465 5238 1552 5296 Deus.
1574 5236 1606 5298 t.
1632 5235 1688 5303 Qui
1713 5229 1840 5288 misereri

117 5354 258 5399 cameos
270 5338 421 5396 adlocum
433 5337 535 5394 istum
550 5337 611 5406 ligo
624 5331 779 5391 enimscio
803 5327 960 5402 cogitatio-
1013 5325 1118 5400 poscit.
1132 5325 1161 5381 P.
1184 5324 1255 5384 Nisi.
1266 5324 1298 5387 it.
1313 5325 1367 5400 qui
1393 5327 1534 5385 ctrntritos
1554 5327 1648 5382 sanet.
1662 5323 1691 5387 P,
1717 5315 1789 5374 ltisi.
1809 5315 1840 5378 it·

117 5443 195 5492 nes.
206 5427 395 5502 quasccgito
404 5440 566 5499 supervos,
580 5422 622 5481 ait
636 5420 795 5491 Dominus,
802 5417 957 5491 cogitatio·
1014 5414 1069 5482 Qui
1083 5413 1218 5473 intlrmcs
1231 5412 1337 5473 visitat.
1352 5418 1385 5475 P.
1398 5415 1466 5474 Nisi.
1482 5412 1572 5479 itini
1583 5409 1717 5482 captivos
1727 5401 1839 5464 liberet.

119 5532 188 5578 nes
195 5517 291 5592 pacm,
305 5521 335 5576 et
351 5531 415 5576 non
427 5513 606 5580 attlictionis,
619 5515 652 5570 ut
662 5511 734 5570 dem
749 5507 838 5566 robis
856 5507 959 5583 tidem,
1015 5505 1046 5561 P.
1060 5502 1131 5562 ltisi.
1144 5503 1321 5563 licitereturu
1337 5505 1401 5567 Non
1411 5506 1457 5562 est
1468 5501 1552 5562 atius.
