4117 6175
93 249 145 307 aot
677 247 855 313 nummos
872 247 896 307 V
914 246 1222 316 QUADRAGRSIMAE.
1758 264 1812 325 m

126 372 247 431 [aaa
262 367 396 430 redium
409 369 505 429 orate
514 386 573 443 ma,
582 384 640 446 pro
648 370 963 446 ummqaenubuet
984 389 1053 434 mus
1069 377 1811 463 :ut,quinosadmatutinumctfiaium,gallopres-

90 454 191 534 legam
205 466 301 519 taam
322 458 492 519 Gmtubiles
504 464 591 519 erant
607 462 681 521 mibi
697 462 927 535 iustificatioues
982 468 1120 531 conante,
1136 466 1315 535 exsuscitas;
1334 465 1454 539 placida
1464 468 1517 527 tibi
1536 472 1629 531 nocui
1647 472 1809 535 famulatus

88 549 269 617 bire‚inloeo
278 547 526 621 peregrinationis
536 565 622 609 mear.
637 549 925 613 insuescerent
979 555 1050 611 rota
1057 553 1342 623 cilicias,ettuomiti
1349 556 1501 629 prasidio,
1510 559 1593 631 quod
1604 560 1807 637 delinquendo

89 640 133 699 tui
143 654 235 697 servo
252 643 315 703 tuo,
334 636 367 695 in
380 650 443 711 queo
456 636 531 697 mibi
544 653 631 711 spem
648 639 768 699 dedisti.
980 641 1161 713 sorduimus
1177 641 1283 701 abluas
1299 661 1306 701 ε
1320 648 1350 701 et
1366 645 1433 716 iugi
1451 649 1478 705 ta
1498 660 1584 717 prece
1602 663 1754 721 rogamus,
1773 658 1808 715 ut

124 723 416 798 liviamverbum
425 725 533 784 Patris.
547 726 653 795 Quare
668 727 727 797 lot.
742 730 807 787 252.
975 728 1205 801 justificationes
1227 735 1286 791 tua
1316 733 1444 806 mabam
1468 733 1557 795 nobis
1593 735 1757 809 impertias.
1770 752 1803 811 ιι.

130 812 925 889 capitata.obriateoeusnceter,quipronebiaomni·
977 819 1082 876 tmen.

88 901 923 977 buspassionissastnlistliniuriamouminterodiantes
1012 908 1192 981 antiplona.
1210 908 1308 971 unia
1324 926 1394 971 maa
1412 912 1499 981 oeus,
1515 915 1544 971 et
1563 912 1701 975 exaltans
1714 918 1805 989 caput

89 989 924 1067 paeempseiticaeinreniris5etinnocensanocentibus
976 1010 1090 1055 meum.
1106 997 1297 1057 Prolmusur.

87 1080 275 1154 crnuogeris
289 1094 298 1137 ι
313 1079 419 1153 sicque
431 1084 559 1139 morum
565 1082 690 1141 borrani
699 1082 922 1156 generismorte
1010 1086 1197 1157 antiplona.
1210 1086 1272 1147 Tibi
1282 1086 1338 1147 soii
1351 1088 1474 1161 peccavi
1488 1088 1628 1149 maerere
1640 1091 1801 1159 meillaus.

87 1174 138 1227 tua
151 1168 309 1239 bansfigis
322 1184 330 1225 :
345 1168 386 1225 da
399 1168 497 1233 nobis,
515 1170 754 1244 utmultiplicata
763 1184 854 1244 super
864 1184 922 1227 nos
976 1174 1112 1233 Psalmru
1121 1193 1146 1230 ι.

87 1258 293 1332 superborum
309 1258 398 1332 293
410 1257 554 1331 iniuratus
563 1274 625 1317 nou
638 1259 801 1333 praevaleat
811 1276 819 1327 ;
830 1262 921 1332 atque
1011 1262 1125 1321 Oratio.
1141 1266 1300 1337 susceptor
1325 1270 1426 1323 noctu
1449 1266 1575 1325 Domine
1596 1267 1695 1327 exalta
1709 1272 1803 1342 caput

85 1346 244 1405 meditatio
252 1346 328 1418 legis
338 1352 396 1405 tua
407 1346 608 1405 cordisnostrl
616 1348 750 1407 studium
762 1362 826 1407 non
835 1363 920 1407 rece·
974 1356 1112 1409 nosbum
1124 1351 1156 1409 in
1171 1352 1277 1424 gloria,
1288 1356 1318 1415 et
1324 1352 1476 1427 locupleta
1485 1370 1543 1413 nos
1552 1356 1584 1413 in
1596 1356 1801 1417 misericordia

86 1436 136 1495 dat
149 1455 158 1496 ι
172 1434 780 1509 utquiatusoluspronobisomnibusat
791 1441 919 1495 mortem
973 1442 1047 1497 tua:
1069 1439 1140 1499 lava
1161 1440 1269 1500 intima
1282 1440 1383 1499 cordis
1403 1442 1498 1499 nosti
1516 1442 1556 1500 ab
1582 1444 1689 1501 intima
1701 1445 1800 1503 cordis

85 1542 195 1600 possm
208 1524 704 1601 esuaeputcunrmcredenubue
713 1526 767 1585 tibi
776 1530 806 1585 et
815 1526 918 1588 lumen
972 1526 1797 1605 nostrisinJ'uslitia;atapeccatiinquinamentispurillca:

86 1620 206 1673 aurum
220 1614 293 1673 vitae
306 1613 412 1679 dones,
431 1616 463 1671 et
477 1613 650 1686 proemium.
971 1616 1055 1675 mitte
1067 1616 1105 1673 ds
1121 1616 1207 1685 cralo,
1223 1621 1253 1675 at
1273 1632 1343 1675 erue
1357 1632 1414 1675 nos
1439 1635 1457 1677 a
1472 1618 1677 1679 conculcantis
1690 1619 1799 1695 obpro·

117 1704 209 1761 Pater
221 1706 335 1761 noctu.
929 1703 1798 1783 gbric:utalacresadbcctuumrecurramusaltarium3

119 1792 307 1851 amato.
322 1790 619 1857 cmmaaoominue
628 1792 846 1865 quimorteaua
861 1792 917 1851 bu·
971 1795 1189 1851 etmatutinum
1205 1792 1384 1852 sarmocium
1394 1794 1447 1852 tibi
1462 1796 1661 1855 climamusin
1674 1795 1797 1871 templo.

85 1880 245 1937 inanitatis
259 1882 370 1940 nosue
382 1882 512 1937 mortem
525 1878 645 1950 devicit,
659 1880 918 1939 rictoresroseiii·
972 1892 1004 1954 tp.
1017 1884 1121 1939 lmen.

85 1968 148 2026 ciat
166 1967 299 2027 criminis
315 1967 420 2028 vestri.
434 1969 471 2027 a.
489 1968 596 2027 Amen.
613 1968 708 2041 litqui
720 1968 837 2028 tradise
853 1984 917 2042 per
977 2030 983 2043 ,
1006 1970 1192 2041 Anttpioaa.
1212 1970 1341 2032 Psallam
1361 1970 1479 2029 nomini
1503 1975 1565 2037 tuo,
1588 1970 1748 2029 Albasima.
1764 1972 1798 2028 ln

88 2056 170 2115 misit
182 2056 919 2130 sumpiuabeternorumvossuppiiciorumeri·
971 2058 1173 2117 convertendo
1186 2058 1342 2117 inimicum
1354 2075 1457 2118 meum
1467 2062 1650 2117 introrsum:
1667 2058 1799 2117 infirma-

88 2145 150 2217 piat
164 2144 330 2219 pranis-15.
345 2145 452 2203 Amen.
466 2147 500 2202 lit
510 2160 581 2211 cunr
594 2161 631 2203 eo
643 2145 708 2204 sine
724 2146 786 2203 tine
799 2145 917 2217 vivatis,
969 2146 1084 2206 buntur
1101 2151 1130 2205 et
1142 2148 1257 2221 perient
1279 2164 1298 2205 a
1312 2147 1390 2207 tocie
1409 2153 1470 2206 tua.
1485 2146 1520 2209 r.
1539 2146 1687 2215 Quoniam
1704 2146 1799 2207 fecisti

89 2234 246 2308 quiriatcr
257 2233 356 2293 iactus
367 2240 414 2291 est
432 2234 547 2293 mortis.
562 2244 598 2307 ιι.
614 2234 722 2294 Amen.
968 2235 1118 2309 judicium
1137 2251 1238 2293 meum
1251 2238 1280 2293 et
1294 2250 1421 2293 causam
1436 2250 1560 2293 meam:
1584 2234 1689 2293 sedisti
1708 2250 1799 2309 super

121 2323 243 2381 qudc.
269 2321 353 2383 ltulti
379 2329 593 2395 penequentes
606 2337 666 2391 me,
691 2321 834 2381 tribulant
856 2337 916 2395 me,
970 2323 1115 2383 thronum
1128 2324 1180 2398 qui
1188 2324 1307 2399 judices
1316 2323 1500 2399 equitatem.

89 2412 231 2469 bomine:
246 2426 268 2469 a
283 2410 351 2482 lege
372 2414 474 2468 autem
497 2413 551 2469 tua
573 2425 635 2469 non
653 2409 815 2479 declinari,
839 2413 917 2469 oeus
1007 2413 1123 2473 matta
1136 2413 1249 2473 Psallat
1262 2429 1381 2488 semper
1395 2412 1527 2474 Ecclesia
1542 2411 1721 2476 tuauomiui
1734 2415 1796 2480 tuo,

89 2516 179 2559 meua
195 2499 229 2563 i.
249 2498 322 2557 ude
348 2497 546 2557 bumilitatem
561 2514 673 2565 meam,
696 2504 726 2556 et
747 2498 828 2573 eripe
841 2515 891 2560 me
907 2517 915 2557 r
969 2501 1119 2561 albsume
1132 2505 1228 2575 oeus;
1243 2503 1296 2575 qui
1311 2518 1365 2577 per
1374 2502 1527 2577 passionis
1542 2503 1601 2559 tun
1610 2501 1799 2575 triumphum

91 2590 156 2661 quta
167 2588 272 2660 legem
287 2591 370 2649 tuam
383 2602 445 2645 non
458 2603 527 2648 sum
539 2586 659 2645 oblitus.
969 2590 1143 2649 convertisti
1169 2590 1326 2650 inimicum
1348 2590 1458 2657 ammte
1477 2592 1588 2647 nostrie
1609 2592 1797 2647 retrorsum:

121 2679 235 2737 oratic
250 2676 455 2736 liserabones
470 2680 529 2734 tun
539 2676 653 2745 multra,
664 2676 916 2749 Domine,ornnes
969 2694 1145 2753 qunsurnus
1158 2676 1295 2753 proinde,
1306 2682 1339 2735 ut
1348 2676 1452 2751 eodem
1467 2692 1536 2735 cum
1548 2675 1612 2733 suis
1622 2676 1799 2738 satellitibus

90 2764 260 2839 miquitatas
286 2769 407 2825 nostras
434 2763 568 2836 deleant;
583 2769 613 2822 et
631 2764 673 2823 ad
696 2764 915 2839 indulgentiam
968 2766 1128 2824 infirmatis
1139 2769 1169 2823 et
1181 2765 1313 2839 perditis,
1334 2764 1450 2822 affatim
1464 2768 1516 2823 tua
1528 2778 1584 2821 nos
1596 2778 1716 2837 sempor
1730 2778 1799 2839 pro·

90 2858 170 2913 tuam
187 2870 247 2916 nos
260 2854 472 2916 emundandos
488 2854 666 2927 perducant.
682 2864 716 2927 g.
731 2858 838 2913 lmen.
969 2859 1050 2929 tegat
1067 2854 1168 2927 passio
1181 2852 1328 2925 portora.
1347 2863 1381 2927 p.
1393 2855 1500 2911 Amen.

121 2944 230 3003 baudo
250 2947 279 2999 2.
292 2942 463 3002 mussi
480 2940 514 3001 iu
525 2947 585 3001 toto
601 2942 692 3002 corde
710 2957 789 3012 meo,
804 2943 915 3002 eraudi
1003 2942 1179 3015 sareptena
1193 2946 1221 3000 t.
1232 2945 1403 3002 Peccatores
1416 2941 1605 3010 tetenderunt
1619 2954 1735 3013 arcum,
1745 2953 1798 3015 pa.

84 3046 145 3096 me,
161 3031 299 3091 bomine.
309 3030 341 3095 r.
357 3030 491 3091 damari
502 3030 591 3101 adtc,
605 3030 723 3090 salvum
732 3046 782 3090 me
794 3029 843 3090 tac
859 3050 867 3092 :
882 3034 951 3134 utc
967 3037 1110 3092 rarerunt
1119 3032 1244 3106 sagittas
1254 3029 1287 3090 in
1296 3031 1449 3107 pharetra,
1458 3032 1490 3088 ut
1499 3029 1640 3108 sagittent
1649 3028 1680 3088 in
1687 3027 1798 3086 obscu-

87 3121 259 3183 emtodiam
271 3120 445 3181 momoria
459 3125 521 3181 tua
969 3137 1003 3180 ro
1018 3125 1117 3181 rectos
1132 3121 1232 3181 corde.
1247 3121 1341 3188 ouem
1357 3123 1388 3183 tu
1402 3117 1561 3194 perfecisti,
1574 3117 1633 3192 ipsi
1646 3116 1798 3181 desburc-

121 3211 240 3269 Oratr'o.
259 3209 915 3280 orclamamusadtefflominuutnosexau·
967 3207 1797 3286 runt:justumautemquidlecittlt-Dominusintem·

82 3301 159 3370 uu,
174 3305 207 3358 et
221 3299 327 3360 oculos
345 3297 441 3358 humo
454 3299 581 3359 accures
599 3300 640 3358 ad
655 3303 682 3358 te
693 3300 833 3360 admittas
849 3304 913 3368 :ut
967 3300 1019 3376 plo
1035 3304 1139 3360 sancto
1156 3315 1222 3372 suo,
1240 3299 1384 3358 oominus
1398 3297 1430 3354 in
1443 3296 1518 3354 coelo
1530 3296 1618 3354 sedas
1631 3295 1706 3366 eius.

82 3395 199 3452 tuanos
205 3388 390 3449 inlustrante
396 3389 686 3463 aaremute,serpper
693 3405 872 3460 maneamus,
881 3390 914 3448 in
1004 3388 1118 3450 Oratio.
1132 3387 1282 3446 Adversus
1296 3392 1336 3452 tc,
1352 3385 1464 3442 Christe
1476 3383 1611 3447 Domine,
1623 3383 1795 3454 peccatores

82 3478 207 3538 lumine.
224 3489 261 3550 n.
273 3483 380 3536 amen.
967 3476 1163 3551 malignitatis
1183 3474 1401 3550 pretendentes
1423 3487 1539 3543 arcum,
1554 3467 1720 3528 dolositatis
1733 3484 1796 3530 suu

114 3567 229 3629 Laudo
242 3569 270 3626 o.
287 3565 360 3624 tide
377 3563 577 3632 bumilitatem
589 3581 701 3634 meam,
714 3569 744 3624 et
757 3566 840 3640 eripe
853 3582 912 3638 me,
966 3566 1164 3624 nibilominus
1177 3562 1290 3633 sagittis
1302 3559 1437 3619 transfixi
1448 3562 1519 3616 sunt
1530 3576 1538 3612 r
1548 3557 1720 3632 ouiaigitur
1730 3555 1797 3614 teln

83 3656 229 3717 ocmme:
245 3653 520 3728 qiuaiegemtuom
532 3668 596 3715 nou
606 3654 803 3725 sumcblitua.
819 3655 851 3720 lt.
865 3658 914 3716 tu·
968 3655 1099 3719 obscuro
1113 3651 1254 3726 nequitia
1266 3650 1297 3708 iu
1308 3647 1417 3725 jaculis
1428 3647 1541 3720 lingua
1556 3662 1629 3717 sun,
1646 3651 1679 3706 ut
1693 3645 1796 3705 conati

83 3744 151 3804 dica
162 3758 293 3803 causam
305 3757 419 3810 meam,
443 3747 474 3800 et
487 3742 601 3802 redime
620 3757 671 3802 me
693 3749 835 3818 :propter
855 3745 914 3804 elo-
967 3736 1598 3812 sunttranstlgerefflanequiarunt;no,
1607 3750 1794 3809 quesumus,

82 3834 190 3906 quum
204 3837 293 3893 tuum
308 3830 428 3903 vivifico
438 3847 502 3890 me.
967 3830 1126 3902 ubeoruru
1138 3821 1795 3899 nauustuapassionumunimineexua-

119 3921 235 3980 oratio.
256 3919 331 3978 Vide
344 3919 546 3980 bumilitatem
560 3923 708 3984 narbam,
726 3921 915 3993 oomine;at
966 3920 1077 3987 bamur
1089 3937 1097 3980 :
1108 3909 1795 3992 utte,quemreotumcordapsrsacutisuntim-

81 4010 164 4083 eripe
178 4025 258 4069 nos:
273 4013 301 4068 te
314 4007 397 4073 enirn
407 4008 596 4083 respiciente,
607 4008 662 4069 etsi
669 4007 833 4081 dejicimur,
845 4010 914 4068 sub·
966 4009 1027 4084 pia,
1040 4006 1169 4067 renuant
1185 4008 1322 4064 nostrum
1333 4003 1365 4073 in
1374 3999 1517 4069 omnibus
1535 4003 1746 4084 protectorem.
1760 4010 1793 4076 p.

81 4095 223 4159 levamur
235 4113 245 4164 ;
259 4111 321 4169 quc
334 4100 529 4165 sustentante,
543 4111 583 4154 ne
601 4111 790 4165 renuamus,
805 4097 913 4172 excipi·
966 4100 1074 4156 lmen.

82 4200 172 4244 mur.
186 4185 333 4256 u-Anpn.
1000 4181 1177 4254 antiplona
1188 4184 1215 4238 t.
1230 4177 1386 4254 oieperdat
1397 4177 1543 4240 ocuriuus
1553 4177 1695 4239 universa
1712 4173 1796 4238 labia

119 4276 234 4331 Proca.
254 4271 716 4341 bominemisericordiarum.l³.
732 4273 913 4342 olliviscere
964 4264 1795 4348 iniquaetlinguammagniloquam.ouidicuntrbabia

79 4367 210 4434 peccata
226 4365 340 4424 nostra
358 4360 391 4424 l.
405 4360 461 4430 oui
474 4376 634 4434 resurgens
653 4363 812 4422 amortuis
825 4364 913 4424 mdes
965 4360 1237 4422 nostranobisoum
1247 4354 1558 4437 sunt,quisnostarast
1568 4355 1646 4418 Deus
1657 4349 1794 4421 tPonam

79 4450 122 4508 aa
143 4449 302 4518 cautem
329 4449 381 4508 uer
406 4447 510 4521 raaia,
529 4448 562 4506 r.
586 4449 777 4510 eiramis.
804 4451 836 4513 r.
856 4419 949 4520 oiau
965 4451 997 4510 u
1012 4449 1135 4510 salutari
1149 4445 1376 4517 neomutus
1399 4442 1534 4518 namu
1559 4441 1794 4512 euasurum

80 4537 234 4611 promittis
243 4535 333 4609 iustis
346 4537 493 4610 premia,·
504 4541 532 4596 et
544 4536 657 4613 miqrris
666 4537 791 4597 minaris
800 4540 913 4616 suppli·
966 4536 1068 4598 mefac
1083 4533 1366 4612 commemorarem
1372 4531 1480 4598 deiecit
1488 4536 1611 4594 sanctus
1626 4551 1633 4586 ι
1646 4526 1794 4606 quoniam

80 4629 138 4686 cia
152 4629 184 4684 Ρ.
202 4625 392 4700 olliviscere.
403 4625 436 4706 l.
452 4625 509 4696 oui
518 4630 693 4699 peccantem
700 4644 761 4688 nou
773 4629 893 4701 judicas
902 4648 911 4702 3
965 4627 1122 4691 diminute
1138 4629 1209 4686 sunt
1221 4624 1389 4688 raritatesa
1407 4622 1477 4680 filiis
1490 4621 1660 4689 bominum.

82 4715 913 4790 mmpoemunoamproeovansexpeeus,uuburieee
1003 4706 1793 4790 oratic.oispcrdeoominouuiversalabiadolosaet

79 4819 123 4864 re
149 4804 186 4882 t,
213 4803 378 4876 uniiuetos
397 4818 491 4863 rocas
512 4803 552 4873 ed
574 4803 785 4876 tolerantiam,
803 4807 914 4879 etpost
964 4803 1101 4878 linguam
1113 4801 1357 4878 magniloquum
1370 4797 1649 4876 utquiisssalulffl
1662 4791 1793 4852 tuumfi·

81 4892 281 4955 locutionem
290 4907 438 4966 provocas
451 4891 493 4950 ad
504 4907 660 4964 coronam,
675 4896 705 4952 P.
722 4893 911 4953 Obliviscere.
965 4893 1070 4954 denter
1079 4907 1167 4966 egara
1177 4889 1295 4960 nolunt,
1307 4887 1457 4950 labiorum
1468 4901 1591 4946 suorum
1601 4881 1714 4942 malitia
1723 4898 1793 4942 con·

117 4983 232 5042 oratio.
248 4981 362 5057 &audi
380 4979 562 5044 orationem.
577 4983 635 5054 sot.
652 4985 716 5042 too.
965 4981 1132 5045 tundantur
1144 4997 1152 5036 ι
1163 4980 1266 5052 sicque
1280 4975 1337 5034 illis
1358 4976 1390 5036 in
1404 4975 1517 5035 Christo
1537 4971 1666 5032 Domino
1688 4975 1793 5034 nostro

369 5069 420 5132 Ad
433 5069 626 5130 Matutiaum.
964 5069 1079 5131 vocatis
1093 5083 1147 5142 por
1162 5065 1379 5140 paenitentiam,
1393 5079 1515 5138 unaque
1542 5062 1701 5122 nobiscum
1723 5061 1794 5120 fidei

116 5157 509 5232 ammanuensium
526 5158 872 5234 Conditordtequiresol.
883 5163 912 5232 ³,
964 5157 1070 5230 lingua
1085 5155 1195 5214 effectis
1208 5170 1215 5220 ;
1227 5159 1260 5212 ut
1268 5153 1350 5216 labia
1368 5151 1477 5212 dolosa
1488 5155 1651 5226 utcumque
1670 5150 1792 5210 anobis

117 5249 234 5306 Oratio.
253 5247 343 5313 Deus,
363 5247 556 5320 quamtotius
575 5246 715 5320 opificem
733 5246 832 5322 operis
848 5247 912 5306 lau·
965 5259 1183 5322 usquequaque
1193 5243 1372 5316 dispereant.
1389 5253 1421 5316 u.
1442 5246 1548 5300 Amen.

79 5336 187 5394 dando
202 5335 393 5397 concelebrat
408 5335 530 5405 condita
549 5336 728 5407 magnitudo
744 5352 751 5396 :
767 5336 912 5412 cujusque
1000 5345 1033 5408 [p.
1049 5333 1107 5392 Viri
1122 5331 1217 5406 iniqui
1229 5331 1367 5391 dmerunt
1383 5350 1390 5386 ι
1407 5331 1620 5406 opprimamus
1633 5327 1731 5384 virum
1741 5327 1791 5401 Ju·

79 5423 912 5501 potentiaminteliigibiliscreaturamiraturztibisuppli·
966 5419 1486 5496 stummjustaetdeglutiamuseum
1501 5413 1792 5491 tanqusminfernus

80 5530 134 5573 ces
147 5514 300 5582 bonoram
309 5511 483 5590 debriruus,
494 5513 628 5587 etcordis
638 5513 913 5595 vocibusprovoca·
965 5511 1069 5571 virum
1085 5526 1092 5568 z
1108 5507 1468 5572 auferamusmemoriam
1481 5505 1559 5568 illius
1568 5501 1707 5572 detorra;
1721 5505 1793 5575 itit
