4117 6175
771 228 864 293 YblNi
882 232 1115 296 ttoztttetttct.

193 353 258 408 Non
277 350 323 408 ire
332 353 436 411 mestis
448 353 601 428 subrepat,

193 438 336 497 informet
345 445 448 499 actum
460 441 579 517 veritas·

192 531 293 588 servet
311 529 455 604 pudorem
471 533 603 592 castitas.

287 639 442 696 Ymnusdc
467 640 583 710 Quinto.

227 743 284 814 Qui
295 747 360 803 toth
370 745 440 804 libri
453 762 507 820 per
517 751 636 822 tloyseu

191 837 287 892 Erum
297 840 434 893 ruentem
448 836 566 903 intruis,

192 923 279 993 Quod
307 925 448 982 sensibus
462 941 519 983 nos
538 927 672 1000 corporis

191 1013 278 1086 Regis
301 1013 483 1088 Redemptor
497 1015 635 1090 precipis.

228 1103 347 1160 Facnos
362 1102 583 1176 tuisinlegibus

192 1190 238 1248 Sic
252 1206 429 1264 permanere
442 1194 599 1267 perpetim,

192 1277 296 1354 [cnut]
304 1279 369 1349 Quo
384 1280 490 1354 spiritu
505 1286 534 1340 et
546 1297 671 1357 corpore

192 1367 394 1428 concinamus
405 1372 530 1429 nautor.

227 1457 327 1531 epelle
354 1459 440 1533 quod
454 1460 668 1535 pabescimus;

193 1547 330 1604 Concede
342 1548 426 1622 quod
446 1554 475 1606 te
496 1549 667 1622 poscimus:

190 1637 226 1693 ut
237 1639 266 1693 te
277 1636 363 1710 pium
384 1637 576 1696 mitissimum

190 1724 363 1783 Laudemus
376 1727 406 1783 in
427 1716 617 1801 perpetuum.

286 1833 397 1891 Ymnur
415 1835 450 1891 dc
479 1836 581 1894 Sexto.

223 1942 447 2013 Rectorpotens
466 1958 557 2000 verax
581 1945 668 2013 Deus,

188 2029 245 2098 Qui
260 2033 409 2103 temperas
421 2047 524 2090 rerum
543 2032 633 2101 vices,

188 2118 351 2192 splendore
364 2135 453 2178 mene
478 2120 610 2191 instruis,

187 2211 221 2266 at
232 2208 353 2280 ignibus
366 2210 532 2269 meridiem.

223 2296 511 2368 Extingueilammas
523 2299 631 2370 litium,

188 2385 276 2444 luter
290 2386 416 2445 celerem
434 2387 571 2458 noxium,

188 2474 613 2553 Gonicrsalutemcorporum,

186 2567 353 2641 veramque
364 2582 470 2640 pacem
481 2569 629 2628 cordium.

378 2683 476 2742 Attus.

223 2791 287 2849 Iam
298 2807 406 2850 cursus
422 2809 474 2852 ore
492 2794 590 2853 sexies

187 2885 273 2940 ttotat
281 2882 341 2941 diei
360 2888 504 2957 tempore,

185 2974 246 3028 Nos
261 2971 406 3030 admonet
416 2987 469 3046 per
476 2975 581 3033 omnia

189 3060 307 3118 Laudes
325 3060 450 3123 dederro
461 3063 585 3124 devitas.

220 3151 666 3226 NuncPetrusorans,gentibus

186 3237 289 3298 tidem
303 3239 435 3299 futurum
446 3244 602 3316 prospicit,

184 3333 268 3387 Nunc
282 3328 351 3387 viba
364 3330 495 3388 cbristus
522 3332 631 3391 lemine

186 3418 404 3478 tustattluente
415 3420 541 3479 trudere.

220 3510 282 3566 tioc
293 3508 376 3566 solus
390 3524 447 3568 evo
465 3510 582 3568 mistico

183 3598 254 3654 Tres
265 3597 440 3657 Patriarcba
460 3600 570 3672 ospitat

183 3685 287 3742 Carnis
299 3684 396 3757 ligore
406 3688 529 3746 nuntios

114 3800 120 3807 ·
182 3772 664 3856 'lubTrinitetisnumine[numiue],

220 3862 355 3921 Perfecta
365 3865 476 3922 summi
491 3868 599 3925 calculi

184 3954 243 4009 tlec
266 3953 365 4026 prime
378 3958 495 4012 constat
515 3957 664 4029 partibus,

184 4040 247 4111 Quo
258 4041 349 4100 ducta
365 4058 431 4101 sese
445 4044 568 4118 perficit,

183 4132 449 4207 'tenetquemondi
464 4133 621 4194 lubricam.

221 4226 279 4282 liec
286 4238 395 4297 nempe
404 4222 667 4290 christiconditam
689 4234 833 4311 [condita]

185 4316 284 4372 ttanet
294 4317 348 4373 tue
361 4313 512 4386 potentia;

185 4403 278 4460 Cuius
291 4406 425 4477 potestus
434 4402 528 4474 glorie

188 4492 243 4549 Per
251 4496 360 4549 cuncta
377 4496 484 4564 regnet
508 4497 628 4556 secula.

263 4581 374 4637 rmum
394 4580 429 4639 de
447 4582 593 4653 Septimo.

222 4673 331 4727 Auctor
342 4669 484 4743 perennis
493 4671 597 4743 glorie,

185 4756 243 4826 Qui
256 4758 436 4831 septiformis
447 4761 541 4832 gretie

189 4848 249 4903 ltus
263 4844 407 4919 spiritum
420 4848 612 4909 credentibus

195 4934 310 4993 Adsiste
318 4934 398 4993 mitis
412 4936 571 4996 omnibus.

229 5023 348 5096 llxpelle
366 5023 668 5103 morboscorporum,

151 5118 262 5175 flentes
274 5112 402 5187 [uenus]
419 5114 544 5173 remobe
556 5120 743 5194 scandalum,

190 5203 337 5263 Rescinde
348 5203 430 5260 virus
442 5203 613 5277 criminum,

190 5296 273 5364 Fuga
284 5292 405 5351 dolores
419 5291 566 5351 cordium.

226 5385 261 5441 Ut
274 5398 370 5457 quum
386 5397 490 5455 preces
503 5389 669 5460 susceperis

190 5472 327 5530 Clemens
340 5475 461 5531 tuarum
471 5471 614 5544 plebium,

83 5607 87 5615 .
191 5560 592 5633 ltedamusomnesgloriarn

228 5650 341 5709 Purser.
359 5648 516 5710 txxttttt.

920 361 944 418 A
1066 359 1154 421 Triuo
1167 364 1228 423 ileo
1242 379 1294 439 per
1318 367 1439 426 secuta.

1158 453 1267 510 Ymous
1282 453 1318 512 de
1335 454 1456 516 Octavo.

1102 541 1231 600 Octavus
1246 558 1297 600 ore
1312 543 1439 602 circulus

1066 629 1130 686 lem
1149 631 1242 702 vergit
1255 636 1284 689 et
1297 648 1355 691 nos
1377 635 1504 706 iustruit,

1064 715 1147 774 Diem
1161 717 1251 776 luturi
1271 723 1418 782 examinis

1065 805 1180 864 Dedere
1194 823 1263 866 cum
1274 813 1422 886 suspiriis.

1100 895 1219 967 Septem
1236 899 1349 958 dierum
1372 903 1512 963 cursibus

1064 983 1147 1040 Nunc
1161 988 1377 1060 tempusomne
1387 991 1506 1054 ducitur

1065 1071 1191 1131 Octavus
1202 1074 1252 1134 ille
1267 1077 1390 1137 ultimus

1066 1159 1125 1219 Erit
1134 1161 1199 1220 dies
1214 1161 1327 1226 iudicii.

1100 1251 1488 1330 inquottedemptorssculi

1064 1340 1127 1396 Nou
1143 1355 1200 1397 nos
1219 1340 1250 1399 in
1264 1341 1309 1402 ira
1328 1361 1449 1420 argues,

1065 1427 1113 1484 Set
1126 1443 1145 1485 a
1158 1428 1289 1488 sinixtris
1300 1430 1404 1500 libera,

1063 1513 1108 1572 Ad
1120 1514 1254 1576 dextram
1261 1536 1318 1577 nos
1333 1523 1469 1582 conloca.

1174 1607 1282 1666 Ymur'o
1296 1610 1435 1670 deNono.

1099 1694 1233 1754 Fundere
1240 1711 1344 1770 preces
1356 1705 1537 1776 tempusest,

1062 1780 1125 1839 Diei
1139 1799 1246 1843 cursus
1257 1787 1403 1847 admouet

1062 1867 1173 1930 (lanera
1197 1873 1295 1933 laudis
1316 1879 1466 1939 canticum

1062 1957 1125 2016 libi
1139 1959 1319 2038 Redemptor
1340 1967 1489 2028 omniurn.

1098 2049 1239 2108 Serenam
1252 2058 1383 2112 mentem
1407 2055 1501 2126 effice,

1063 2137 1145 2210 Opus
1160 2137 1318 2198 honestum
1332 2143 1451 2218 perfice,

1062 2228 1180 2284 Precem
1197 2234 1337 2289 orantum
1353 2233 1466 2308 accipe,

1062 2315 1159 2373 vitam
1174 2326 1349 2392 perennem
1363 2321 1470 2384 tribue.

1250 2408 1346 2469 Alr'us.

1098 2492 1236 2553 convexa
1256 2496 1327 2554 solis
1342 2499 1440 2558 orbita

1063 2583 1177 2641 Nobem
1189 2585 1293 2644 voluta
1306 2587 1433 2658 circulis,

1063 2671 1118 2729 0re
1133 2677 1254 2744 peracto
1279 2677 1398 2734 tramite

1062 2760 1115 2816 Ter
1127 2761 1247 2818 conticit
1257 2765 1398 2822 ternario.

1098 2849 1159 2906 tloc
1173 2851 1322 2923 passionis
1334 2857 1465 2928 tempore

1063 2934 1503 3017 Compluritluctoromuium,

1062 3027 1147 3083 Nunc
1162 3025 1202 3084 ad
1216 3026 1351 3089 laborem
1367 3031 1454 3092 unce

1063 3115 1138 3174 tlisit
1162 3122 1286 3178 vocatos
1301 3122 1450 3181 servulos.

1098 3206 1158 3263 tlac
1173 3206 1278 3267 Petrus
1290 3225 1346 3269 ore
1359 3212 1481 3282 [mistica

1063 3293 1146 3351 Clodi
1159 3298 1278 3355 resolvit
1290 3300 1427 3359 viuculo:

1063 3387 1146 3441 Nune
1166 3385 1318 3445 visionum
1329 3389 1466 3447 conditor

1062 3474 1157 3531 terno
1170 3490 1308 3533 recursus
1323 3478 1471 3538 terminat.

1099 3563 1131 3619 ln
1144 3564 1201 3621 hac
1216 3580 1363 3624 canamus
1378 3567 1505 3639 gloriam

1063 3650 1138 3709 Cum
1150 3668 1224 3711 voce
1234 3654 1318 3727 puris
1334 3656 1488 3715 mentibus

1065 3739 1127 3798 Deo
1143 3742 1257 3800 creanti
1275 3759 1419 3820 prospera

1064 3830 1399 3893 Peractaiustissecula.

1145 3921 1252 3977 Ymuus
1283 3921 1319 3982 de
1345 3924 1472 3984 Decimo.

1102 4008 1163 4066 lam
1179 4009 1259 4068 dena
1269 4026 1326 4069 nos
1338 4017 1489 4087 preceptio

1067 4096 1151 4169 Legis
1166 4104 1280 4157 sacrate
1300 4109 1470 4174 premonet3

1027 4220 1030 4224 -
1067 4186 1146 4243 Utin
1162 4187 1293 4245 tenebris
1309 4191 1401 4249 seculi

1063 4272 1542 4349 [cxrru]Nonmilitemurcrimini.

1100 4362 1144 4420 Ob
1163 4364 1221 4422 hoc
1235 4366 1312 4425 Deus
1329 4371 1356 4426 te
1378 4370 1540 4443 poscimus,

1066 4453 1100 4509 tlt
1118 4467 1175 4509 nos
1189 4453 1325 4527 placetne
1339 4458 1481 4533 corrigas.

1065 4540 1185 4599 Offensa
1196 4548 1298 4602 nostra
1308 4544 1415 4615 diluas,

1065 4630 1198 4690 Adverso
1207 4648 1326 4707 quoque
1341 4652 1453 4696 erosas.

1099 4721 1142 4777 tu
1151 4723 1214 4778 esto
1228 4726 1376 4782 nostrum*¹
1385 4728 1541 4799 gaudium,

1065 4808 1136 4877 Quis
1148 4824 1181 4866 es
1191 4810 1325 4873 tutorum
1346 4816 1505 4889 premium,

1067 4896 1109 4956 sit
1120 4904 1225 4957 nostru
1237 4899 1268 4959 iu
1282 4907 1308 4959 te
1325 4903 1420 4975 gloria

1066 4989 1120 5045 Per
1131 4992 1239 5047 cuncta
1255 5006 1374 5066 semper
1387 4994 1488 5053 seculo

1135 5094 1244 5152 Ymrros
1260 5096 1297 5156 de
1322 5099 1489 5159 Undecimo.

1102 5199 1327 5274 llorisperactis
1353 5207 1505 5266 undecim.

1068 5288 1205 5346 ituitdies
1223 5290 1253 5346 iu
1269 5308 1439 5369 vesperum,

1070 5375 1230 5436 solbamus
1251 5397 1357 5442 omnes
1378 5386 1511 5445 devitum

1069 5468 1171 5527 dentis
1186 5471 1315 5543 benigne
1333 5476 1494 5547 canticum,

1108 5559 1346 5622 taburciorum
1363 5564 1479 5634 bausit,
