4117 6175
910 150 1104 228 samnis.
1764 231 1766 238 ,
1791 171 1860 237 tasi

299 277 427 351 tamus
441 279 611 360 allegoriae)
626 303 634 346 ε
996 293 1021 354 Α
1036 291 1171 364 Domine,
1186 309 1243 371 ego
1256 310 1343 359 serra
1356 303 1416 366 tua,
1428 304 1457 360 si
1470 295 1653 365 mansellis
1663 299 1733 364 lua.
1743 298 1861 362 ausui·

298 369 364 426 iluo
378 369 499 429 inerunt
510 373 648 433 homines
1034 399 1120 442 mum
1135 386 1247 446 dioam.
1263 388 1295 452 tl.
1308 388 1416 460 Gloria,
1429 393 1457 450 et
1464 390 1562 448 honor
1570 391 1658 466 Patri,
1674 393 1728 452 aio.
1739 385 1859 452 arsa·

298 458 422 518 lliverso
433 462 526 520 vineti
537 461 661 523 imnore.
1034 487 1120 530 mum
1134 474 1245 539 diuam.

333 548 507 620 Quingentis
521 552 595 609 aiter
608 556 783 625 nummulis,
1072 562 1181 622 Oratio.
1197 561 1331 625 Deusitei
1343 564 1534 642 illiusquam
1544 565 1689 628 illabente
1696 565 1789 628 liaris
1801 569 1860 628 lta-

298 634 379 693 aiter
392 653 463 695 vero
475 641 700 714 quinquagenis
1035 649 1165 721 adulanti
1173 654 1203 711 ia
1211 655 1511 714 totnoordaeoaiessa
1523 671 1635 715 nomen
1646 656 1859 718 tuamhouori·

296 721 352 790 dal
363 726 480 798 rspsttu
490 727 626 788 debitum
1032 732 1165 811 flaando,
1177 741 1371 818 perduoiaasi
1383 745 1424 804 ad
1433 759 1573 804 eoronam
1583 761 1592 814 ;
1602 744 1679 804 daia
1687 760 1738 804 ore
1753 750 1859 808 nostro

297 814 362 871 iton
372 813 508 873 habuere
525 818 678 891 pretium:
1034 829 1265 901 contessionem,
1282 847 1350 909 qua
1365 847 1422 892 nos
1434 837 1580 908 expurget
1611 851 1629 894 a
1655 833 1798 893 erimine:
1813 836 1858 902 ut,

333 903 515 977 C⁰mitassus
534 909 624 966 eorde
638 910 768 971 creditor
1034 915 1178 994 quinqua
1191 920 1223 979 iu
1237 925 1295 980 iou
1304 921 1402 981 laudis
1415 921 1530 983 honore
1544 923 1762 1000 depromimus,
1777 919 1861 980 iuiu-
1987 975 1990 984 .

300 991 356 1063 12
372 991 497 1052 indulsit
508 991 699 1058 benedeium.
1034 1017 1085 1064 ero
1098 1006 1242 1081 prodesse
1253 1011 1355 1069 aterni
1370 1009 1498 1069 muneris
1515 1009 1693 1072 sentiamus.
1707 1019 1740 1090 a.
1751 1009 1857 1072 Amen.

298 1095 350 1154 iiia
364 1095 475 1173 itaque,
488 1101 561 1170 Quis
585 1103 750 1177 plurimum
1069 1096 1125 1155 Per
1134 1095 1373 1158 miseridordiam
1387 1105 1481 1168 tuam,
1493 1099 1574 1158 ilaus
1585 1105 1697 1159 noster.

297 1188 410 1244 tiorum
423 1187 549 1248 dilexit?
564 1191 731 1268 Praemium,
1069 1184 1236 1260 antiplona
1248 1192 1275 1244 2.
1291 1187 1461 1248 confitebor
1488 1189 1615 1248 Domino
1636 1188 1726 1246 nimis
1752 1186 1785 1248 ia
1807 1202 1860 1251 ore

334 1271 420 1342 ouon
433 1277 601 1350 promisisti
625 1281 767 1342 omnihus
1034 1280 1104 1331 ineo
1120 1287 1126 1331 :
1143 1268 1172 1331 Ρ.
1189 1273 1261 1333 tttln
1276 1270 1376 1334 medio
1389 1269 1550 1334 maltorum
1562 1273 1695 1335 laudabo
1722 1289 1804 1335 enm.
1824 1275 1859 1340 it.

295 1361 334 1421 'ie
347 1372 416 1421 uere
427 1362 628 1441 diligentibus,
1035 1359 1183 1432 Quoniam
1199 1363 1311 1424 adstitit
1324 1361 1481 1424 adoriaris
1490 1365 1643 1440 pauperis,
1654 1361 1808 1424 ntsnlvam
1817 1359 1861 1423 la·

295 1453 370 1510 cum
385 1453 480 1522 Patre,
495 1462 525 1513 si
544 1457 653 1517 saneto
673 1460 784 1531 spiriru
1036 1458 1146 1511 aerata
1166 1449 1415 1528 persequentibus
1444 1454 1578 1513 animam
1604 1465 1715 1515 meam.
1726 1451 1760 1513 P.
1772 1451 1806 1514 tit
1827 1455 1860 1514 iu

296 1543 329 1598 in
348 1543 657 1615 sempiternasneuis.
1034 1541 1145 1599 medlo.
1161 1537 1192 1606 i.
1206 1541 1315 1610 Gloria,
1332 1546 1360 1602 et
1370 1541 1476 1616 honor,
1505 1540 1538 1601 P.
1555 1541 1588 1602 at
1601 1542 1644 1602 in.

383 1633 489 1690 amau.
995 1628 1020 1700 li
1071 1625 1182 1690 Oratio.
1199 1630 1410 1697 Beatamsaiis,
1435 1627 1571 1700 Domine,
1591 1631 1713 1690 beatam
1737 1629 1859 1692 liariam

187 1713 380 1788 &animatia
395 1721 521 1778 tiramus
537 1721 765 1800 Redemptorem
780 1728 897 1801 mundi,
912 1744 979 1791 mu.
1034 1719 1315 1790 liagdalenamesse
1333 1717 1436 1789 iaalsti,
1470 1735 1538 1796 ques
1551 1720 1583 1779 in
1605 1725 1666 1780 toto
1688 1719 1777 1780 eorde
1802 1737 1859 1780 suo

152 1804 216 1862 toto
229 1810 359 1876 nomine,
366 1809 425 1879 fot.
441 1825 586 1870 namen,
1034 1807 1087 1865 tint
1101 1807 1248 1878 ooniessa,
1263 1810 1294 1868 iu
1305 1805 1432 1868 coneilio
1446 1807 1592 1868 iustorum
1607 1813 1636 1868 ei
1650 1811 1858 1884 oongregatio-

189 1893 335 1965 capitata.
348 1897 707 1972 Deosquibsataenartoe
722 1903 906 1980 Magustana
917 1912 980 1984 pm.
1033 1907 1071 1954 ue
1082 1898 1227 1971 probatur
1237 1911 1305 1956 esse
1318 1897 1502 1973 uonspioua:
1518 1897 1643 1974 ilaergo
1655 1899 1745 1958 nobis
1769 1897 1859 1960 meri·

151 1981 978 2071 nitentiamiiatibipIaoitam,gratamqueieoistimtnon
1032 1981 1072 2044 θ’
1085 1983 1171 2064 ‘lilii
1187 1983 1417 2047 uiwssfifliiiissss
1441 1985 1569 2062 simpliei
1591 1989 1652 2047 0¹¹⁵
1677 1978 1815 2047 mundi&
1839 2001 1859 2047 Β

151 2071 245 2129 solum
256 2072 282 2129 ei
293 2082 416 2146 peecata
430 2075 670 2150 dimitteres,sed
681 2082 771 2143 etiam
780 2081 924 2159 iugulari
934 2090 979 2146 tui
1032 2075 1166 2144 erimina,
1177 2077 1354 2135 Senatorum
1375 2093 1555 2149 mereamur,
1569 2083 1598 2136 et
1619 2075 1855 2152 oonssregailoui

152 2161 266 2217 amoris
280 2164 377 2233 gretia
388 2166 562 2237 oordisejus
577 2169 683 2228 intima
697 2170 894 2244 perlustrares
915 2193 923 2234 ε
938 2177 979 2236 da
1032 2169 1061 2222 ii
1072 2163 1200 2222 uoedbus
1215 2163 1367 2223 inierim·
1386 2173 1422 2238 a·
1448 2167 1554 2223 Amin·

151 2246 241 2306 nobis
254 2254 312 2308 tuae
323 2253 541 2326 propitiationis
563 2258 791 2334 abundantiam,
804 2264 908 2336 atejus
925 2281 977 2323 so·
1067 2256 1121 2310 ¹³⁰?
1142 2253 1391 2311 miseiifflidissffl·

152 2335 305 2396 lemnitate
318 2341 463 2411 letemur,
478 2343 565 2416 ouius
578 2345 717 2418 precibus
732 2348 813 2424 apud
826 2355 888 2410 tea
910 2369 978 2427 pee-
1066 2341 1241 2412 antiplona
1256 2347 1283 2401 ³·
1299 2345 1330 2399 ¹11
1346 2353 1420 2415 9⁸⁰⁶
1439 2337 1599 2412 dormiam,
1615 2343 1644 2401 02
1657 2341 1857 2418 fidilfliim·

151 2431 289 2484 aetorum
303 2434 475 2487 nostrorum
488 2433 614 2491 maculis
641 2439 850 2497 emundemur.
1030 2429 1065 2490 P·
1081 2432 1229 2500 Quoniam
1240 2431 1281 2499 iu·
1296 2431 1432 2500 00111Ιῦ6,
1446 2427 1635 2502 Singillatim
1648 2431 1681 2490 11¹
1705 2445 1858 2508 ⁸P000113·

187 2517 272 2572 Pater
285 2524 397 2575 noster.
414 2519 572 2580 Liberatia
595 2523 686 2582 malo.
700 2523 760 2598 foi.
770 2531 797 2583 2.
1030 2520 1136 2582 iltuistl
1151 2539 1208 2580 ma.
1219 2521 1252 2584 a.
1268 2519 1437 2578 confitebor
1450 2518 1675 2578 tiblilominain
1690 2523 1752 2578 toto
1766 2521 1857 2580 eorde

185 2605 977 2687 deaestimant-istusnominarantbeatissimaru-
1030 2626 1100 2670 meo
1114 2627 1121 2668 τ
1134 2612 1167 2668 ia
1181 2608 1308 2668 annuitis
1325 2607 1486 2682 iustorum,
1500 2610 1530 2664 st
1554 2607 1795 2679 congregatione.
1817 2609 1856 2668 Ρ.

150 2692 976 2773 riaeuagdeienoesedignecorsmhnmtuiuusteeitcon-
1030 2697 1189 2769 Quoniam.
1205 2698 1236 2761 t.
1248 2695 1357 2765 Gloria,
1373 2692 1563 2755 flih⁰ss⁰i·P·
1588 2693 1747 2766 Οὓθῡῑᾶῑῦ·

148 2779 227 2838 iiteri
243 2783 419 2844 eoniitaatur
434 2803 487 2844 vos
501 2800 603 2846 eorum
617 2789 703 2849 Patre
717 2805 783 2864 suo,
806 2795 859 2868 qui
884 2801 930 2854 est
943 2797 975 2855 in
1067 2782 1178 2847 uratia.
1195 2787 1279 2852 Deus,
1296 2781 1539 2860 quibuuisstlmtfl
1565 2781 1672 2845 litii&
1697 2785 1800 2854 ilum
1822 2783 1856 2844 iu

149 2869 234 2928 ooeiis
245 2890 252 2928 ε
262 2884 294 2944 ip.
305 2875 412 2931 Amen.
422 2879 462 2946 iit,
472 2878 565 2950 quiin
574 2892 626 2936 ore
639 2893 693 2938 suo
704 2887 828 2957 aaoepia
838 2885 896 2942 sibi
905 2901 974 2945 eon·
1035 2873 1168 2950 Vettium
1183 2870 1426 2949 marescalliae

147 2958 288 3018 tassionis
302 2964 428 3022 eontulit
448 2967 575 3037 eundae,
591 2967 656 3042 ipss
678 2971 897 3031 ooniassionem
909 2990 973 3034 ves·
990 2981 1016 3050 c
1065 2971 1097 3042 a.
1109 2967 1208 3027 Stabat
1218 2957 1855 3036 liarialiagdalenaadmoaumeniutniotis

148 3051 227 3108 trem
242 3054 495 3113 remunerandam
505 3057 817 3134 suseipiaitiaamen.
832 3057 975 3124 litexem·
1028 3055 1163 3135 plorans.
1178 3052 1255 3114 llum
1266 3069 1338 3127 ar8⁰
1351 3049 1444 3124 fleret,
1457 3049 1622 3129 Pi⁰⁵ll⁰¹¹lt
1638 3049 1691 3110 ubl
1722 3049 1855 3127 mistum

148 3139 304 3213 pindariaa
310 3142 974 3214 linguateneeuouilteudoatlatrdandonomsn
1028 3150 1093 3206 erat
1103 3160 1211 3221 eorpus
1221 3146 1289 3203 issu
1303 3160 1310 3198 ι
1325 3148 1354 3200 et
1363 3139 1438 3200 uidit
1451 3142 1528 3199 duos
1537 3138 1665 3214 angelos
1674 3140 1706 3198 in
1716 3138 1793 3199 albis
1807 3156 1855 3199 se·

149 3230 219 3286 iesu
233 3231 338 3288 Christi
351 3231 382 3289 in
392 3234 545 3303 sennium,
557 3239 797 3313 participesque,
805 3248 896 3315 quem
904 3259 975 3301 eon·
1028 3230 1144 3295 dantes.
1157 3236 1186 3292 P.
1199 3236 1232 3291 ut
1243 3242 1391 3291 conversa
1402 3232 1564 3289 retrorsum
1571 3226 1647 3287 vidit
1659 3228 1763 3289 iesum
1773 3230 1853 3287 sten-

148 3316 221 3374 iessi
237 3318 318 3386 estis,
329 3322 502 3380 mereamini
514 3339 578 3382 esse
593 3324 622 3382 iu
637 3324 722 3385 ento.
740 3338 771 3401 ip.
796 3334 902 3388 limen.
1028 3332 1098 3397 iem,
1113 3330 1141 3383 at
1153 3325 1234 3381 venit
1250 3319 1304 3397 13
1319 3314 1687 3395 annunciansdisaipuiis:
1702 3316 1779 3389 Quia
1792 3309 1853 3375 vidi

184 3408 237 3463 Per
252 3408 486 3469 misericordiam
502 3414 667 3484 ipsius,eto.
1027 3409 1201 3481 iioininum,
1217 3418 1244 3470 et
1258 3406 1402 3469 haedixii
1414 3408 1543 3471 mihil.
1557 3404 1851 3466 ilixitiesusliariasz

183 3496 298 3554 Lauda.
312 3498 527 3559 (terminabunt
540 3517 610 3561 ossa
625 3508 686 3569 tue,
702 3504 791 3579 qussi
808 3507 914 3565 salines
927 3508 973 3566 Al-
1027 3498 1136 3568 iluilar,
1152 3496 1227 3577 quid
1241 3494 1341 3575 ploras
1355 3490 1370 3555 i
1385 3508 1475 3571 quem
1494 3488 1669 3571 qumrlsil’.
1683 3494 1718 3554 at
1729 3506 1853 3554 oonvat·

147 3582 238 3642 laiuia
251 3586 284 3642 P.
301 3588 388 3645 iuxta
398 3587 525 3648 fluentas
537 3608 644 3666 aquas.
656 3589 788 3667 Alleluia,
798 3590 925 3657 alleluia.
938 3597 971 3660 i.
1027 3606 1071 3652 sa.
1082 3592 1115 3655 ti.
1132 3587 1241 3659 Gloria,
1257 3596 1311 3648 eta.
1325 3589 1494 3648 Reitereiur
1507 3582 1744 3658 suspensorum.

146 3674 180 3730 iit
194 3674 249 3731 erit
256 3678 413 3747 tamquam
425 3675 551 3745 iignum,
562 3680 644 3752 quod
653 3677 821 3755 plantatum
830 3692 972 3744 esiseous
1064 3678 1175 3739 Oratio.
1192 3676 1348 3737 Sublatam
1367 3683 1405 3745 ta,
1420 3674 1555 3745 Domine,
1574 3690 1590 3732 a
1617 3672 1775 3749 sepulchro
1788 3670 1852 3730 iru-

147 3760 294 3817 deeursus
304 3768 557 3838 aquarum‚quod
569 3770 699 3829 innatum
727 3785 817 3831 auum
839 3773 925 3834 dabit
940 3776 971 3835 in
1025 3774 1131 3827 atuoss
1142 3762 1222 3826 iilius
1236 3766 1335 3825 utaris
1349 3762 1530 3839 liagdaienta
1557 3760 1710 3839 inquisitio
1725 3759 1862 3853 flatuum·

144 3854 283 3923 tempore
296 3868 363 3908 suo.
376 3854 413 3909 P.
428 3854 514 3911 Juxta
523 3856 660 3916 uuentes.
671 3858 703 3922 tt.
720 3858 828 3930 Gloria,
837 3864 972 3923 ethonor-
1024 3848 1172 3916 effusioue
1185 3856 1387 3931 conqueritur,
1401 3868 1468 3931 qnae
1477 3852 1580 3929 utique
1594 3850 1664 3924 lgna
1676 3845 1720 3911 tui
1734 3844 1851 3907 deside·

143 3937 231 4006 Patri,
242 3947 271 3996 et
282 3941 362 3998 Filio.
379 3944 419 4000 P.
433 3945 519 4001 iusta
531 3946 668 4007 fluentes.
1023 3942 1059 4006 rii
1071 3941 1281 4005 cremabatur:
1298 3946 1476 4013 oumsumus
1496 3954 1578 4014 ergo,
1607 3946 1641 3999 ut
1667 3932 1850 3998 desiderium

181 4027 395 4099 Orationem,
409 4034 460 4106 qui
473 4034 654 4094 beatissimae
674 4034 770 4097 liaris
787 4034 970 4113 liagdaienae
1024 4034 1137 4095 amoris
1149 4036 1190 4093 tui
1205 4030 1381 4092 similiteriu
1409 4029 1494 4089 nobis
1519 4026 1666 4087 uouendas
1682 4045 1689 4085 :
1707 4030 1738 4085 ui
1763 4028 1795 4085 et
1816 4024 1850 4084 ia

144 4118 364 4177 contessionem
380 4130 551 4195 acceptans,
567 4126 823 4185 itaomniaserba
837 4129 970 4203 orisejns
1023 4118 1223 4199 perquirendo
1235 4122 1423 4193 amantiores,
1442 4112 1660 4178 etinvenieudo
1680 4120 1709 4175 te
1737 4128 1850 4173 merea·

142 4204 316 4279 planissima
324 4211 481 4279 exaudisti,
491 4212 703 4288 otpertiatpaur
712 4211 969 4278 eameffleeresre·
1023 4209 1237 4272 mursineiine
1255 4208 1487 4282 asseruimus.
1510 4210 1615 4266 aman.

143 4295 197 4365 gni
208 4296 261 4368 tui,
275 4300 966 4381 quaeinaouspeatuAngelorumtibipsaliarat3
983 4338 1007 4396 D
1058 4298 1122 4362 Pet·

144 4385 901 4462 aenipenunoperaamooniessionisnostrtatotum,
915 4397 969 4470 qui
1321 4387 1358 4447 In
1376 4384 1539 4447 Laudibus.

141 4473 225 4533 iiiam
233 4478 400 4549 produxisti
411 4480 617 4552 supremiom
630 4480 832 4557 :Et,quilllain
839 4497 968 4559 peronn-
1055 4482 1104 4539 Ad
1115 4482 1281 4539 Canticum.
1291 4473 1474 4547 antiplona.
1489 4475 1561 4535 ane
1570 4472 1601 4534 lu
1614 4489 1691 4550 pane
1706 4470 1847 4533 amaritu-

141 4561 967 4647 iussionemvoluistiessebeatainmospostiapsumqui-
1020 4568 1061 4628 do
1073 4582 1140 4627 mea
1158 4566 1369 4626 amarissima:
1387 4570 1418 4624 tu
1436 4568 1536 4625 autem
1555 4564 1689 4641 eripuisti
1710 4560 1847 4621 animam

141 4652 214 4711 dem
227 4656 446 4713 contessionem
456 4659 488 4714 in
501 4658 675 4716 hosmundo
685 4659 968 4730 damuantsdester·
1019 4670 1121 4718 meam
1135 4661 1169 4716 ni
1182 4673 1243 4715 non
1258 4656 1396 4729 perirem,
1411 4650 1464 4713 sed
1474 4652 1623 4730 proieolsti
1640 4654 1709 4726 posi
1728 4654 1846 4722 tergum

141 4756 210 4799 nem
223 4745 412 4802 coronandos
427 4746 577 4818 pertrahat
592 4746 731 4822 patriam.
745 4754 778 4821 ta.
793 4753 896 4808 amen.
1018 4746 1217 4806 iuumomnla
1231 4748 1355 4820 pennata
1369 4756 1448 4801 mea.

177 4832 230 4889 Per
240 4833 472 4891 misericordiam
482 4840 576 4904 tuam,
594 4836 672 4892 Deus
698 4838 876 4903 nastensis.
1057 4836 1228 4896 Canticum.
1243 4836 1305 4905 Ego
1319 4830 1380 4891 dlxi
1393 4832 1425 4889 ln
1438 4830 1567 4913 dimidio
1583 4828 1710 4886 dierum.
1740 4824 1845 4899 Quare

424 4924 475 4981 rid
488 4924 680 4984 Metuainum.
1015 4922 1074 4997 toi.
1093 4926 1153 4980 iia.

177 5011 367 5082 antiplona.
380 5013 472 5070 Labie
482 5030 551 5071 mea
563 5014 694 5087 aperies:
707 5018 737 5073 et
751 5030 786 5072 os
800 5030 904 5074 meam
913 5031 965 5075 an·
1053 5006 1405 5085 aeiteetaraattpttunu.
1423 5010 1494 5066 ane
1516 5004 1547 5065 ln
1562 5018 1637 5081 paea
1660 5000 1842 5063 amaritudo.

140 5100 424 5158 nuntiabitiaudem
440 5105 532 5160 tuam.
569 5102 717 5161 Psalmas.
741 5122 765 5160 a.
1054 5100 1164 5160 oratio.
1176 5098 1262 5174 Eripe
1288 5098 1410 5158 Domina
1435 5098 1553 5155 animas
1582 5100 1712 5165 nostrae,
1734 5100 1767 5152 ui
1781 5108 1845 5153 nou

176 5190 292 5248 Oratio
311 5194 422 5250 latidet
436 5197 471 5259 te,
488 5192 621 5261 itomine,
636 5190 741 5265 lingna
752 5198 863 5253 nostra
881 5194 965 5263 Qan-
1018 5190 1214 5265 pereamusin
1228 5184 1349 5247 interitu
1362 5201 1369 5245 ε
1383 5190 1553 5244 nostrorum
1563 5182 1700 5244 omnium
1711 5184 1845 5244 iaoinora

138 5280 312 5351 resalutat.
1019 5285 1211 5355 poeoniorum
1223 5285 1290 5353 post
1298 5282 1413 5349 tergum
1422 5274 1534 5351 projiee
1544 5278 1630 5334 tuum
1641 5278 1690 5343 ;ui
1701 5270 1844 5350 doudeli-

175 5369 349 5439 antiplona
361 5376 385 5427 t.
398 5368 568 5427 Goniltebor
578 5370 630 5428 tibi
640 5371 671 5428 iu
686 5370 963 5446 populisdlomins:
1019 5369 1135 5427 alamur
1149 5366 1294 5442 perditiin
1306 5366 1477 5433 infernum
1494 5364 1605 5424 sedate
1617 5360 1783 5422 vivificatos
1795 5356 1845 5421 hie

139 5456 579 5517 arsamumoresmnomtnt
600 5458 739 5518 tuninter
766 5464 880 5533 gentes.
893 5459 964 5525 ιο
1019 5459 1224 5530 inuenerunt
1251 5458 1404 5517 veritatem
1426 5458 1510 5514 tuam
1537 5456 1737 5530 expectantes,
1751 5450 1844 5531 ,psai-
