4117 6175
922 204 1149 267 BRIIVIARIUM
1168 206 1355 269 pondiculi

568 483 879 613 INCIPIT
935 482 1188 611 LIBER
1250 483 1705 612 SECUNDUS.

667 736 738 793 xil.
1129 733 1152 790 b
1203 732 1296 807 spera
1313 732 1481 791 innomine
1492 731 1638 807 quoniam
1652 729 1813 791 mutitebor
1829 730 1881 790 illi·
1899 733 1958 793 salu-

291 828 325 883 ln
335 824 427 883 finem
441 823 580 883 Psalmus
604 824 702 883 David
714 823 881 883 intellectus
905 821 975 880 filiis
990 822 1113 881 chorae.
1167 820 1230 881 tare
1247 821 1348 880 vultus
1360 819 1419 879 mei
1432 821 1461 879 et
1474 822 1534 879 ileo
1549 833 1629 878 mee.

325 912 849 973 anasitibitoao'memeoodlleum
867 910 1115 986 oioumzqeondo
1530 910 1625 967 xllll.

293 1002 421 1069 ventam,
433 1006 462 1059 et
472 1001 620 1073 apparebo
634 1007 705 1060 onte
721 1003 832 1073 foram
840 1002 903 1059 Dei.
1203 998 1237 1058 ln
1246 998 1337 1057 finem
1348 998 1401 1056 lilii
1411 1001 1500 1058 Coree
1513 996 1678 1057 intellectus
1690 996 1825 1055 Psalmus
1845 998 1932 1057 llarid.

328 1090 523 1147 Sioutoervus
536 1090 734 1149 desideratad
764 1090 862 1150 tontes
889 1088 1063 1163 aquarum*
1075 1086 1117 1145 lta
1204 1090 1278 1145 ana.
1292 1088 1449 1159 taestpse
1461 1088 1525 1146 ilee
1535 1086 1958 1159 meuaetlleusmeospuimoo·

292 1178 832 1239 desideratanimameaadtelleus.
1170 1174 1225 1234 dor
1240 1176 1474 1235 retutemtoeob.

328 1266 425 1325 sitibit
435 1269 538 1327 anima
547 1285 616 1328 mea
629 1270 668 1327 ad
682 1271 775 1327 mum
795 1269 917 1326 vivum*
931 1266 1055 1342 quando
1070 1280 1118 1324 ve·
1205 1266 1284 1323 Deus
1292 1264 1416 1323 auribus
1437 1264 1547 1322 nostris
1561 1263 1734 1323 audibimus
1749 1264 1897 1338 'elpatres
1909 1278 1961 1322 nos

292 1354 386 1424 ulam,
398 1359 427 1413 et
436 1357 587 1429 apparebo
601 1362 670 1415 ante
681 1358 790 1416 iaoiem
798 1357 859 1413 Dei.
1171 1353 1208 1411 tri
1219 1353 1481 1413 adnunoIaberunt
1490 1352 1590 1411 nobis.

328 1443 459 1501 Fuerunt
470 1444 545 1501 mihi
557 1445 699 1518 lacryma
713 1459 892 1519 meaepanes
902 1443 1000 1513 diaeo
1011 1444 1118 1502 noete·
1208 1442 1299 1517 Opus,
1313 1443 1395 1516 quod
1409 1446 1550 1517 operatus
1564 1456 1597 1500 es
1608 1441 1640 1499 in
1652 1439 1760 1500 diebus
1769 1439 1962 1501 eornm'indie·

293 1531 366 1589 dum
386 1530 494 1589 dieitur
505 1531 580 1588 milri
601 1532 808 1605 quoddiezubi
819 1536 866 1590 est
877 1534 956 1590 Deus
970 1530 1066 1589 tuusl
1171 1530 1230 1589 bns
1242 1530 1384 1605 antiquis.

329 1618 1027 1678 liaomemoratussum'eteduditinmeanima
1039 1634 1116 1677 maa.
1207 1621 1311 1677 blanua
1322 1624 1373 1677 tna
1388 1622 1491 1690 gentes
1504 1618 1691 1694 disperdidit,
1709 1622 1738 1677 et
1756 1616 1889 1693 plantasti
1906 1620 1962 1674 eos·

330 1705 478 1771 Quoniam
492 1706 644 1777 ingrediar
654 1707 684 1766 in
699 1707 800 1765 laeum
810 1707 997 1766 tabernaonli
1023 1706 1120 1767 admi·
1173 1708 1318 1767 afflixsisti
1329 1708 1469 1783 populos,
1485 1712 1514 1766 et
1528 1708 1668 1782 expulisti
1687 1723 1750 1765 eos.

294 1791 396 1850 rabilis
406 1792 517 1851 domna
526 1795 578 1852 liei
587 1797 598 1818 ·
608 1795 641 1852 in
651 1810 726 1854 voae
739 1795 939 1866 exultationis,
953 1801 982 1855 et
999 1796 1119 1854 ennias·
1208 1799 1272 1855 llon
1286 1795 1405 1854 enimin
1417 1796 1518 1870 gladio
1533 1812 1588 1855 suo
1599 1796 1800 1871 possidebunt
1816 1798 1912 1853 anan
1930 1793 1964 1847 ‘et

296 1880 391 1939 sionis
402 1897 496 1940 sonus
510 1882 668 1957 epulantis.
1172 1886 1444 1945 braehiumeorum
1458 1900 1519 1944 non
1530 1885 1669 1945 liberabit
1690 1902 1754 1945 eos.

331 1972 429 2037 Quare
441 1971 534 2028 tristis
548 1988 590 2042 es,
604 1974 707 2033 anima
720 1978 933 2051 meaetqmre
956 1972 1119 2032 meternes
1209 1974 1267 2032 Sed
1284 1974 1406 2034 dextera
1414 1979 1476 2048 tua,
1492 1975 1791 2042 etbraohinmtunm,
1800 1978 1827 2032 et
1837 1972 1964 2031 inlumina·

295 2072 345 2117 me
356 2059 371 2115 l
384 2059 393 2078 ·
405 2074 492 2133 spera
506 2059 538 2117 in
554 2063 690 2132 Domino,
714 2064 860 2137 quoniam
886 2061 1051 2122 ooniitebor
1078 2060 1156 2125 illiti
1174 2064 1215 2123 lio
1229 2062 1330 2122 vultus
1345 2063 1387 2121 lui
1396 2066 1407 2089 '
1416 2065 1561 2137 moniam
1575 2063 1760 2138 oomplaouit
1773 2061 1821 2121 tibi
1831 2062 1859 2119 in
1871 2060 1926 2118 illis.

296 2146 425 2207 salutare
439 2148 536 2206 vultus
547 2151 618 2218 mei,
633 2153 662 2210 et
674 2154 735 2209 neo
749 2166 828 2210 meo.
1211 2152 1287 2219 ouis
1300 2156 1333 2211 tu
1346 2166 1380 2209 es
1400 2152 1464 2227 lpse
1477 2167 1530 2209 rex
1544 2168 1639 2217 meus,
1669 2156 1700 2210 et
1720 2154 1796 2210 Deus
1822 2164 1898 2208 meus
1912 2146 1965 2220 'qu

331 2239 354 2293 A
368 2236 485 2311 meipso
491 2237 593 2297 anima
602 2254 672 2297 mea
678 2240 798 2300 turbata
815 2243 876 2297 est·
896 2242 1054 2314 propterea
1072 2254 1122 2297 me
1175 2241 1304 2301 mandas
1318 2240 1558 2300 salutemlaeob.

296 2340 424 2384 morere
435 2326 487 2394 tui,
502 2327 676 2400 llomine‚de
689 2328 953 2397 terralordanis,et
966 2328 1122 2387 Hermonis
1211 2332 1244 2387 ln
1258 2333 1286 2388 te
1295 2328 1375 2387 enim
1388 2329 1526 2387 inimIoos
1540 2332 1660 2387 nosnos
1684 2326 1885 2387 ventilabimus
1897 2321 1966 2381 'etin

297 2428 316 2472 a
330 2415 429 2471 monte
458 2414 590 2477 modico.
1176 2417 1358 2477 nominetuo
1375 2418 1546 2491 spernimus
1564 2434 1671 2477 omnes
1685 2418 1869 2490 insurgentes
1881 2414 1906 2471 in
1917 2426 1966 2469 nos.

332 2500 426 2577 [xum]
439 2501 574 2577 abyssus
587 2504 734 2579 abyssum
746 2505 888 2565 mvooat·
901 2505 933 2564 in
952 2518 1025 2563 vooe
1044 2506 1124 2565 eata·
1213 2511 1277 2565 Non
1287 2507 1367 2565 enlm
1381 2507 1412 2564 in
1426 2523 1499 2567 arou
1509 2523 1577 2566 meo
1590 2508 1742 2582 sperabo·
1756 2511 1784 2565 et
1793 2504 1895 2580 madius
1903 2516 1968 2561 neus

295 2592 596 2652 raotarumtuarum.
1177 2610 1239 2655 non
1254 2595 1382 2655 salvabit
1395 2612 1456 2654 me.

332 2679 440 2738 Omnia
451 2682 569 2741 excelsa
581 2684 643 2750 tua,
656 2685 685 2742 el
698 2682 807 2742 fluetus
822 2683 866 2743 tui
875 2686 886 2709 ·
896 2697 987 2756 super
1004 2696 1054 2741 me
1080 2680 1125 2738 in·
1214 2684 1342 2745 salvasti
1348 2686 1428 2745 enim
1438 2700 1494 2743 nos
1507 2701 1543 2743 ex
1552 2685 1760 2759 affligentibus
1771 2684 1871 2745 nos'et
1876 2674 1971 2751 eosqui

298 2767 480 2840 gressisunt.
1177 2775 1383 2843 amedaram,
1400 2774 1572 2833 confudisti.

333 2860 366 2916 ln
383 2858 431 2915 die
441 2859 598 2918 mandabit
612 2861 756 2920 [lominus
768 2861 1007 2920 miserirordIam
1017 2858 1124 2918 suam*
1213 2866 1246 2921 ln
1261 2863 1323 2923 Deo
1347 2863 1540 2922 laudabimus
1555 2867 1619 2924 tota
1629 2864 1678 2923 dia
1690 2865 1706 2889 *
1719 2864 1791 2923 etin
1809 2858 1916 2921 nomina
1932 2858 1970 2913 tuo

296 2946 367 3004 elin
383 2950 471 3004 noete
482 2947 665 3007 declarabit.
1179 2952 1561 3013 eonfllebimurinsaeula.

331 3032 420 3105 Apud
431 3048 480 3090 me
489 3035 586 3093 oratio
597 3051 667 3095 mea
678 3040 738 3095 ileo
750 3037 819 3096 vita
831 3036 1035 3096 mers'dIoam
1046 3036 1121 3094 Deo:
1531 3098 1537 3110 ,

299 3121 461 3193 Suseeplor
474 3137 560 3180 meus
571 3137 613 3191 es,
628 3138 722 3197 qnare
731 3139 781 3182 me
793 3126 904 3184 oblitus
916 3142 958 3192 es,
985 3129 1015 3183 at
1029 3139 1124 3200 quare
1495 3097 1684 3170 Dmi’ffllma·

297 3208 1123 3357 ffifugflsfi:mmmmmimdo’dmffligstme
1211 3259 1297 3316 Nunc
1310 3262 1411 3320 autem
1433 3257 1598 3334 reppulisti,
1617 3262 1646 3317 Θ,
1657 3255 1798 3332 sprevisti
1806 3253 1873 3314 Ποῦ·
1886 3251 1910 3309 01
1921 3259 1966 3306 nor

1177 3353 1336 3429 egredieris
1345 3353 1423 3410 Dens
1433 3368 1449 3408 e
1458 3349 1617 3408 virtutibus
1631 3349 1755 3406 nostris.

1211 3441 1350 3502 avertisti
1363 3456 1419 3499 nos
1428 3443 1592 3498 retrorsum
1602 3452 1664 3511 prm
1682 3435 1813 3496 inimicis
1834 3427 1938 3492 nestris‘
1948 3423 1968 3480 el

1198 3534 1229 3592 ui
1243 3548 1299 3591 nes
1309 3530 1446 3598 oderunt,
1458 3528 1639 3604 diripiebant
1649 3525 1721 3586 sibi.
1954 3598 1959 3610 ι

1212 3620 1324 3680 Dedisti
1338 3635 1394 3677 nos
1408 3622 1565 3692 tamquam
1575 3616 1648 3675 obes
1660 3609 1886 3675 erearum'atin
1899 3603 1969 3679 gell

1175 3711 1234 3771 bus
1245 3707 1412 3784 dispersisti
1425 3721 1491 3764 nos.
1955 3775 1959 3786 Ι

1211 3796 1374 3856 vendidisti
1385 3795 1533 3870 populum
1542 3796 1629 3852 tuum
1640 3792 1705 3850 aine
1716 3789 1920 3863 pretio'etnon
1931 3775 1969 3835 lul

1176 3887 1337 3948 multitudo
1347 3887 1379 3945 in
1398 3882 1684 3944 commutationibus
1694 3897 1813 3942 eorum.

1212 3975 1344 4035 Posuisti
1352 3990 1409 4033 nos
1422 3972 1453 4032 in
1466 3971 1663 4048 obprobrium
1672 3971 1782 4029 vieinis
1792 3954 1970 4028 nosuis'inlu·

424 4042 457 4100 ιη
466 4045 557 4103 mm
566 4044 703 4107 Pfflmus
717 4047 814 4106 David
826 4047 1000 4110 IdJUdaeffl·
1179 4064 1264 4126 sione
1276 4068 1305 4123 et
1316 4063 1416 4122 derisu
1427 4063 1473 4120 bis
1487 4061 1539 4136 qui
1552 4060 1725 4118 incircuitu
1739 4064 1841 4118 nostro
1853 4056 1919 4113 sunt.

335 4151 410 4206 Ana.
422 4149 532 4210 Emitte
551 4153 642 4212 lucem
668 4161 761 4222 taem,
774 4156 909 4227 Domine,
929 4162 958 4214 et
970 4157 1125 4218 veritatem
1214 4155 1344 4213 Posuisti
1353 4169 1409 4212 nos
1421 4151 1686 4210 insimilitudinem
1702 4148 1853 4224 gentium·
1867 4147 1971 4204 commo·

300 4249 394 4306 Ibam·
1180 4243 1260 4303 lIone
1275 4241 1380 4317 eapitis
1391 4241 1423 4300 in
1435 4239 1568 4315 populis.

339 4329 490 4416 gladios
508 4348 557 4390 me
575 4332 663 4401 Deus,
679 4336 708 4391 et
728 4332 863 4392 disoarne
887 4348 1011 4394 oausam
1025 4349 1127 4394 meam
1215 4328 1533 4390 l'otadievereoundia
1551 4343 1620 4387 mea
1631 4329 1739 4388 eontra
1760 4341 1809 4386 ma
1820 4321 1907 4386 est'el
1922 4324 1972 4373 eon·

299 4425 337 4482 de
351 4429 437 4497 gente
448 4439 512 4482 non
526 4426 632 4482 saneta
644 4425 655 4448 ·
666 4423 705 4482 ab
718 4423 842 4484 homine
853 4423 968 4500 iniquo,
980 4427 1009 4484 et
1022 4425 1126 4486 doloso
1180 4419 1259 4479 fusio
1272 4418 1441 4477 vullusmei
1453 4416 1570 4492 operuil
1589 4433 1648 4476 1110·
1937 4491 1941 4503 ,
1959 4487 1964 4500 ,

300 4514 380 4588 eripe
391 4528 451 4572 me·
1215 4509 1326 4568 Areos
1340 4507 1553 4582 exprobrantis,
1565 4509 1594 4566 et
1608 4495 1915 4584 obloquentis*afnoi0
1935 4503 1973 4548 ut·

336 4602 411 4672 (liris
423 4605 494 4660 tues
506 4603 690 4672 Deusmens,
716 4605 746 4662 et
758 4600 903 4664 tortitudo
921 4604 1013 4664 mea·
1031 4618 1126 4679 quare
1179 4598 1262 4670 miei,
1279 4602 1308 4657 et
1322 4597 1535 4672 persequentis.

299 4707 349 4750 me
361 4690 526 4768 reppulisti,
539 4693 569 4750 et
579 4691 770 4752 oontristatua
783 4692 900 4763 incedo,
925 4691 1001 4753 dum
1021 4691 1128 4765 aflligit
1214 4689 1551 4749 Haoomniavenerunt
1564 4701 1736 4762 supernos,
1746 4680 1860 4744 elobliti
1874 4689 1927 4737 non
1938 4681 1973 4725 tl·

300 4796 350 4839 ¹¹¹0
363 4780 515 4839 luitnifflt·
1139 4769 1163 4826 D
1180 4793 1248 4838 mus
1263 4776 1458 4852 te·etinique
1468 4791 1531 4836 non
1556 4775 1674 4849 eminus
1688 4775 1721 4837 in
1735 4769 1905 4835 testamento
1917 4768 1971 4854 tuo}

333 4872 368 4928 ln
382 4870 503 4929 eodum
513 4868 739 4944 confringuntur
759 4871 863 4930 omnia
887 4885 961 4930 ossa
981 4872 1125 4930 mea'ex·
1179 4872 1208 4928 et
1220 4882 1284 4926 non
1296 4867 1418 4928 recessit
1438 4869 1517 4927 retro
1542 4869 1753 4934 terrestrum,
1783 4876 1838 4923 nee
1852 4848 1972 4918 decursu

299 4958 521 5033 probraberunt
533 4975 583 5017 me
597 4959 650 5033 qui
659 4959 802 5019 tribulant
815 4959 950 5018 animam
975 4975 1087 5018 meam.
1180 4957 1301 5018 semitas
1312 4960 1464 5016 nostrasa
1479 4955 1529 5018 via
1540 4959 1604 5016 tua.

334 5048 441 5107 Emitte
450 5047 548 5106 luoem
561 5053 655 5116 tuam,
670 5053 699 5108 et
707 5049 861 5111 veritatem
878 5049 979 5107 tuam'
992 5048 1063 5124 ipsa
1075 5063 1125 5107 me
1215 5046 1364 5115 Quoniam
1390 5045 1554 5104 humiliasti
1571 5059 1628 5104 nos
1638 5044 1670 5104 in
1683 5043 1751 5104 loeo
1770 5033 1924 5102 amotionis
1935 5022 1973 5080 '0⁸

299 5137 488 5195 deduxerunt
498 5137 727 5198 etadduxerunt
739 5138 771 5196 in
785 5140 1002 5196 montesancto
1017 5139 1080 5207 tuo,
1097 5139 1127 5198 et
1179 5139 1297 5214 operuit
1307 5152 1364 5196 nos
1378 5135 1485 5194 umbra
1499 5135 1612 5194 mortis.
1958 5200 1962 5210 Ι

300 5225 332 5284 in
342 5225 536 5284 tabernaculo
550 5230 615 5285 tuo.
1216 5226 1246 5284 Si
1255 5225 1340 5285 obliti
1354 5241 1459 5283 sumus
1473 5239 1585 5284 nomen
1598 5223 1651 5284 llai
1663 5220 1800 5292 nostri,et
1814 5219 1839 5277 si
1857 5201 1973 5288 expandi·

333 3388 909 3464 lneodumaonlringnnturomniaossa
923 3407 1004 3467 mea,
1017 3407 1123 3467 expro·
1141 3417 1161 3475 c

298 3476 460 3538 braberunt
472 3495 534 3548 me,
548 3481 603 3555 qui
616 3481 759 3540 tribulant
769 3483 903 3541 animam
913 3498 1013 3540 meam
1024 3483 1034 3502 ¹
1047 3482 1122 3542 dum

300 3564 409 3621 dieitur
418 3567 493 3623 mini
502 3583 556 3641 per
569 3568 704 3642 singulos
714 3569 795 3628 dies:
806 3569 861 3628 llbi
868 3574 913 3629 est
937 3570 1016 3627 Deus
1028 3569 1123 3628 tuusl
1176 3551 1197 3612 q

336 3653 431 3719 tiuare
444 3653 590 3725 tristiam,
605 3659 799 3726 animantes,
812 3663 841 3718 et
852 3675 947 3734 quare
960 3659 1123 3718 conturbas

300 3754 348 3797 me
359 3740 371 3763 ¹
382 3755 471 3814 spera
482 3742 514 3800 in
529 3746 814 3822 Domino.qnoniam
820 3746 1124 3808 oonliteborillisaln·

300 3830 364 3887 tare
380 3828 480 3888 vultum
493 3831 562 3901 mei,
578 3837 608 3893 et
617 3836 677 3894 Deo
690 3851 768 3895 meo·

669 3943 747 3998 iuti.

335 5314 504 5374 Etintroibo
516 5315 557 5374 ad
571 5315 663 5375 altare
672 5313 723 5373 nei
732 5313 812 5374 mei*
826 5315 868 5375 ed
888 5314 1057 5385 Dominum,
1073 5315 1125 5392 qui
1179 5332 1248 5378 mus
1260 5333 1370 5376 manns
1381 5316 1547 5376 nostrasad
1559 5301 1973 5376 ‹leumelieeum'nonne1³⁰us

299 5401 431 5462 laetifloat
443 5404 627 5462 inventutem
640 5419 753 5462 meam.
1179 5406 1310 5481 requiret
1323 5405 1472 5482 istalipse
1483 5407 1564 5465 enim
1572 5405 1658 5466 nobit
1670 5402 1789 5465 oooulta
1800 5397 1903 5459 eordis.

336 5491 726 5553 dontitebortiinneithara
737 5494 815 5550 Dens
827 5493 1126 5571 ilausmeus‘quara
1215 5495 1364 5565 Quoniam
1377 5499 1499 5572 propter
1513 5500 1541 5557 te
1559 5497 1670 5557 mertui
1697 5488 1906 5572 affidmmtotu
1919 5469 1974 5537 ὥθ’

300 5578 433 5646 pauses
446 5581 546 5650 anima
560 5588 786 5667 msa,etqnara
803 5581 967 5655 eontmbas
975 5583 1052 5644 met
1113 5575 1124 5582 ”
1180 5575 1313 5672 extimati
1327 5601 1444 5668 sumna
1463 5589 1497 5672 ut
1510 5583 1765 5648 obesooeirionis.
