4117 6175
110 274 165 331 sac
698 266 1243 340 nommmvousniuaiisiun.
1769 236 1823 333 aaa

114 396 192 457 servi
210 395 291 467 regis
306 397 424 453 adeum
440 417 447 457 :
464 396 573 455 Omnia
588 411 788 471 quaecumque
805 394 948 470 praecepit
961 395 985 451 Α
999 395 1030 453 lii
1046 412 1162 469 eorum,
1172 396 1331 455 hobimaas
1341 394 1420 453 lilius
1432 396 1538 466 Sadoc,
1549 400 1728 457 ctionathas
1741 399 1822 458 filius

114 486 262 542 Dominus
275 493 377 542 noster
389 501 452 558 rex,
467 485 595 543 libenter
607 486 784 559 exequimur
797 484 873 541 serii
887 483 942 540 tui.
1000 487 1143 544 thiathar
1160 501 1166 542 i
1184 490 1213 543 et
1227 485 1346 542 mittetis
1355 500 1409 558 per
1418 501 1471 542 eos
1485 486 1524 543 ad
1537 503 1585 543 me
1595 504 1685 545 omne
1696 490 1823 547 verbum

114 578 259 645 Egressus
274 580 400 644 estergo
413 590 476 641 rex,
492 580 522 630 et
534 574 674 633 universa
684 575 793 631 domus
805 574 881 645 ejus,
897 588 948 645 pe·
1000 576 1084 650 quod
1097 574 1259 633 audieritis.
1275 574 1413 632 Veniente
1425 590 1496 646 ergo
1512 576 1599 632 Chusi
1616 578 1713 633 amico
1727 578 1822 635 David

114 662 205 719 dibus
213 661 277 718 suis
290 681 299 721 :
313 670 342 718 et
352 661 472 735 reliquit
481 679 533 720 rex
544 662 648 720 decem
658 662 797 719 mulieres
807 660 946 718 concubi·
1000 666 1031 722 in
1044 665 1206 731 civitatem,
1216 663 1360 721 Absalom
1373 678 1492 737 quoque
1501 664 1653 734 ingressus
1668 670 1712 721 est
1724 667 1823 723 llieru·

114 766 174 809 nas
187 749 227 809 ad
243 749 472 808 custodiendam
483 752 620 809 domum.
632 754 775 823 Egressus
783 766 835 809 rex
844 756 873 806 et
881 764 946 807 om·
1000 753 1104 820 salem,
1118 758 1147 810 ct
1160 751 1334 825 Achitophel
1352 768 1422 809 cum
1434 766 1480 809 co.
1497 752 1582 824 (Gap.
1601 754 1674 823 xvi).
1689 751 1823 826 Cumque

115 838 167 897 nis
181 838 270 897 lsrael
289 839 419 912 pedibus
434 839 506 907 suis,
521 841 598 898 stetit
620 840 724 914 procul
746 856 765 898 a
790 840 895 908 domo,
919 844 947 895 et
1000 842 1096 899 David
1110 842 1264 899 transisset
1279 839 1435 913 paululum
1451 840 1562 897 montis
1572 839 1724 909 verticem,
1732 855 1824 912 appa-

114 927 252 986 umversi
262 926 338 985 serii
348 928 415 1001 ejus
421 928 619 987 ambulabant
630 930 715 1002 juxta
729 945 810 1000 eum,
821 928 947 1001 etlcgio·
999 930 1060 988 ruit
1074 928 1147 989 siba
1165 944 1240 1001 puer
1252 928 1447 1001 miphiboseth
1460 929 1492 985 in
1506 942 1666 986 occursum
1675 927 1740 1000 ejus
1755 943 1824 984 eum

112 1015 304 1086 nasceretbi,
319 1020 349 1073 et
363 1016 504 1086 Pheletbi,
520 1022 550 1075 et
562 1033 669 1074 omnes
683 1016 793 1075 (iamai
802 1023 947 1091 pugnato·
1001 1017 1288 1091 duobusasinis‚qui
1295 1016 1408 1075 onerati
1417 1016 1643 1075 erantducentia
1654 1015 1826 1088 panibus,et

110 1120 163 1163 res
177 1103 497 1172 cordemasche,
514 1105 567 1180 qui
587 1106 681 1163 secuti
695 1121 765 1163 eum
778 1105 895 1163 lucrant
909 1104 948 1162 de
1000 1113 1122 1165 centum
1130 1106 1294 1177 alligaturis
1303 1122 1367 1163 urae
1373 1121 1481 1179 passa,
1493 1108 1522 1161 et
1528 1109 1648 1162 centum
1655 1102 1765 1160 massis
1774 1118 1826 1175 pa-

112 1193 190 1251 Getb
204 1192 334 1267 pedites,
345 1193 554 1265 precedebant
565 1208 677 1266 regem.
692 1194 770 1252 Dixit
781 1202 881 1252 autem
895 1209 948 1251 rex
1000 1198 1163 1267 lutherum,
1174 1199 1202 1252 et
1212 1194 1331 1251 duobus
1341 1193 1455 1251 utribus
1464 1192 1655 1251 rinilltdixit
1664 1191 1802 1248 rexsibae
1816 1208 1823 1247 ι

111 1282 154 1339 ad
170 1281 259 1339 Ethai
275 1280 429 1339 (lethaeum
446 1284 523 1339 :Cur
545 1282 629 1341 venis
654 1283 813 1341 nobiscum
824 1284 839 1341 l
852 1296 949 1340 rever·
1002 1286 1079 1354 Quid
1090 1282 1578 1357 sihivolunrhectiiespcnditquc
1589 1281 1681 1339 Sibe:
1699 1279 1826 1338 Domine

111 1375 188 1437 tere,
203 1374 234 1427 et
250 1369 355 1427 habita
371 1386 441 1428 cum
459 1384 540 1441 rege,
562 1370 635 1445 quia
660 1371 836 1445 peregrinus
856 1386 898 1436 es,
920 1375 949 1428 et
1001 1376 1039 1433 mi
1053 1391 1105 1434 reii
1117 1392 1123 1431 :
1133 1374 1225 1443 Asini,
1240 1372 1407 1430 domesticis
1420 1372 1538 1445 regisut
1549 1371 1687 1430 sedeant:
1698 1374 1827 1442 etpanes

111 1474 259 1530 egressus
275 1473 307 1516 es
319 1458 357 1515 de
369 1458 436 1517 loco
446 1464 507 1517 tuo.
524 1460 714 1527 Derivenisti,
728 1467 756 1517 et
766 1460 857 1517 hodie
868 1474 949 1517 coin-
1001 1468 1032 1521 et
1044 1462 1184 1537 palathas,
1200 1461 1240 1519 ad
1258 1460 1443 1517 vescendum
1456 1459 1556 1533 pueris
1565 1457 1622 1515 tuis
1636 1474 1643 1515 ε
1658 1456 1763 1514 vinum
1774 1471 1827 1511 au·

110 1548 240 1622 pelleris
253 1546 417 1604 nobiseum
432 1546 559 1620 egredi?
572 1564 629 1620 ego
643 1553 743 1607 autem
757 1548 866 1606 vadam
886 1563 948 1621 quo
1002 1555 1074 1617 tem,
1089 1549 1214 1607 utbibat
1223 1547 1323 1621 siquis
1335 1546 1512 1604 deieceritin
1523 1544 1649 1602 deserto.
1663 1546 1697 1600 lit
1707 1544 1826 1599 aitrex:

110 1638 215 1695 iturus
224 1652 307 1693 suni:
318 1637 609 1704 revertere,etreduc
616 1642 716 1696 tecum
723 1637 827 1695 iratres
834 1643 912 1705 tuos,
921 1641 950 1694 et
1002 1638 1058 1697 ilbi
1068 1643 1114 1696 est
1124 1638 1204 1695 filius
1219 1636 1334 1694 domini
1345 1634 1644 1708 tuililesponditque
1655 1632 1726 1691 Sibe
1739 1629 1802 1701 regi
1819 1646 1826 1687 :

111 1726 265 1784 Dominus
276 1724 365 1782 iaciat
382 1730 480 1783 tecum
494 1725 769 1785 miserirordiamet
782 1725 946 1793 veritatem,
967 1726 1155 1800 gllemansit
1174 1726 1205 1783 in
1228 1724 1422 1793 Hierusalem,
1442 1722 1545 1780 dicens
1561 1738 1570 1778 :
1585 1721 1677 1779 Hodie
1696 1719 1829 1777 restituet

111 1813 357 1887 quiaostendisti
364 1814 491 1884 gratiam
500 1814 640 1871 etfidem.
653 1814 850 1889 Etrespondit
863 1814 947 1871 Ethai
1002 1814 1075 1873 mibi
1094 1814 1203 1872 domus
1218 1812 1308 1870 lsrael
1324 1828 1452 1883 regnum
1466 1811 1560 1885 patris
1582 1810 1651 1867 mei.
1677 1810 1711 1865 Et
1724 1807 1765 1865 ait
1778 1821 1827 1863 rex

112 1902 194 1973 regi,
208 1901 308 1959 dicens
321 1918 330 1958 ε
342 1901 419 1960 vivit
426 1903 582 1973 Dominus,
596 1904 700 1961 atrivit
711 1903 852 1962 dominus
861 1920 948 1961 meua
1002 1903 1080 1964 Sibai
1095 1921 1102 1960 :
1123 1904 1184 1960 Tua
1198 1900 1259 1957 sint
1270 1900 1373 1958 omnia
1392 1916 1461 1972 quae
1480 1899 1600 1956 luerunt
1618 1894 1826 1970 lliphiboseth.

109 2006 170 2049 rex
187 1990 663 2065 :quoniaminquocumqueloco
673 1992 765 2050 fueris
775 1991 947 2049 dominemi
1000 1992 1136 2065 Dixitque
1146 1990 1231 2048 Siba:
1241 1988 1597 2063 Oro,ut317inveniam
1606 1985 1734 2058 gratiam
1743 1982 1825 2055 apud

107 2096 179 2152 rex,
193 2078 303 2136 sivein
312 2086 418 2148 morte,
434 2080 495 2138 siie
507 2080 539 2137 in
550 2080 621 2148 vita,
632 2079 675 2138 ibi
686 2080 740 2137 erit
748 2096 853 2138 servus
865 2088 944 2137 tuus.
1000 2079 1162 2147 te‚domine
1170 2078 1212 2136 mi
1220 2093 1282 2135 rex.
1291 2078 1375 2135 Venit
1384 2091 1456 2148 ergo
1463 2092 1514 2133 res
1525 2074 1617 2132 David
1625 2086 1720 2147 usque
1729 2070 1825 2127 Baliu-

106 2170 143 2225 Et
168 2168 213 2225 ait
231 2167 327 2225 David
354 2167 439 2225 Ethai
454 2185 462 2225 ι
477 2167 561 2241 Veni,
585 2173 614 2226 et
638 2168 742 2226 transi.
763 2172 796 2225 tlt
814 2168 948 2225 transivit
998 2171 1081 2229 rim:
1099 2173 1127 2227 ct
1144 2183 1212 2225 ecce
1225 2166 1433 2241 egrediebatur
1446 2164 1516 2222 inde
1530 2164 1574 2221 vir
1592 2162 1630 2219 de
1646 2158 1827 2232 cognatione

107 2256 366 2324 amnestiam,
381 2264 409 2314 et
420 2273 483 2328 rex,
497 2262 526 2316 et
545 2273 652 2317 omnes
665 2257 730 2326 viri,
746 2258 799 2333 qui
826 2274 895 2315 cuin
910 2273 947 2315 eo
1000 2258 1109 2316 domus
1125 2256 1205 2324 Saul,
1226 2255 1350 2314 nomine
1371 2253 1477 2321 semei,
1494 2252 1576 2310 filius
1592 2254 1668 2311 Gara
1682 2248 1825 2323 procede·

108 2352 211 2413 erant,
224 2345 378 2419 etreliqua
388 2345 559 2404 multitudo.
571 2345 947 2421 Omnesquellebantroce
1000 2347 1112 2421 batque
1120 2342 1538 2418 egrediens,etmaledicebat,
1547 2340 1744 2413 mittebatque
1753 2335 1826 2411 lapi·

106 2446 245 2502 magna,
264 2436 292 2489 et
306 2432 465 2490 universus
479 2433 611 2506 populus
626 2431 774 2493 transibat
789 2449 795 2490 :
811 2449 863 2491 rex
876 2447 948 2490 vero
1001 2437 1055 2495 des
1068 2440 1171 2495 contra
1186 2434 1290 2507 David,
1311 2436 1453 2491 etcoutia
1467 2432 1622 2489 universos
1636 2424 1824 2498 servosregis

106 2520 563 2593 transgrediebaturtorrentem
575 2524 702 2590 cedron,
717 2528 747 2581 et
759 2527 886 2581 cunctus
896 2537 948 2595 po·
1001 2526 1096 2585 David
1105 2542 1112 2581 :
1120 2524 1218 2582 omnis
1227 2527 1328 2579 autem
1337 2517 1651 2594 populus,etuniiersi
1657 2514 1826 2584 bellatores,

107 2609 376 2686 pulusincedehat
388 2612 584 2670 contrariam
599 2612 695 2679 olivae,
704 2628 773 2687 que
779 2611 901 2686 respicit
908 2610 948 2668 ad
1003 2614 1131 2672 adextro
1142 2616 1171 2670 et
1183 2610 1328 2668 asinistro
1339 2608 1513 2677 lateieregis
1521 2604 1710 2663 incedebant.
1726 2604 1828 2660 ltaau·

107 2701 285 2759 desertum.
295 2701 379 2759 Venit
390 2705 493 2759 autem
505 2702 602 2760 Sadoc
615 2702 766 2769 sacerdos,
777 2706 807 2759 et
815 2700 948 2758 universi
1001 2708 1061 2762 tem
1072 2700 1251 2774 loquebatur
1263 2696 1359 2757 semei
1367 2712 1437 2753 cum
1447 2694 1637 2752 malediceret
1645 2692 1725 2762 regi:
1743 2694 1828 2761 ligre-

108 2790 229 2849 taviae
244 2804 314 2847 cum
321 2805 367 2858 co,
380 2794 533 2864 portantes
541 2806 640 2849 arcam
654 2790 775 2848 laederis
787 2790 850 2858 Dei,
859 2794 889 2850 et
898 2789 948 2847 dc·
1001 2791 1082 2862 dere,
1096 2788 1236 2861 egredere
1249 2786 1495 2856 virsanguinum,
1505 2787 1534 2841 et
1544 2782 1590 2839 vir
1602 2779 1704 2837 Belial.
1721 2777 1827 2834 Reddi·

107 2886 396 2955 posueruntarcam
411 2879 486 2937 Dei:
501 2884 530 2938 et
544 2880 679 2937 ascendit
685 2879 835 2946 abiathar,
851 2878 948 2936 donec
1001 2876 1104 2936 dittihi
1112 2876 1253 2934 Dominus
1260 2868 1721 2942 universumsauguinemdomus
1733 2862 1803 2923 Saul
1818 2882 1825 2921 ι

108 2966 948 3045 expletusessetomnispopulus,quiegressusfueratde
1001 2952 1826 3041 quoniaminvasistiregnumproeo,etdeditDominus

107 3060 250 3119 civitate.
263 3060 298 3116 lit
308 3058 379 3117 dixit
392 3074 445 3116 rex
457 3058 496 3116 ad
508 3059 605 3117 Sadoc
621 3074 627 3114 τ
642 3061 771 3133 Reperta
780 3072 881 3116 arcam
895 3055 948 3115 Dei
962 3084 985 3145 ς
1000 3053 1168 3127 regnumin
1179 3048 1423 3110 manuhbsalom
1430 3046 1534 3105 filiitui
1549 3049 1597 3104 :et
1606 3059 1674 3102 ecce
1684 3043 1828 3142 premunt

107 3152 142 3209 in
151 3149 270 3207 urbem
285 3150 330 3207 :si
339 3149 481 3206 invenero
490 3148 617 3219 gratiam
626 3147 759 3206 inoculis
771 3147 894 3214 Domini,
904 3163 949 3205 re-
1001 3154 1030 3204 te
1044 3143 1126 3203 mala
1139 3149 1202 3214 tua,
1212 3139 1356 3215 quoniam
1371 3137 1418 3194 vir
1430 3135 1612 3208 sanguinum
1627 3149 1669 3190 es.
1685 3132 1763 3190 Dixit
1775 3146 1827 3230 au·

108 3241 211 3298 ducet
224 3252 286 3307 me,
299 3236 472 3296 etostendet
487 3237 562 3295 mihi
578 3253 657 3303 eam,
676 3242 705 3296 et
720 3236 948 3295 tubernaculum
1002 3240 1063 3294 tem
1072 3231 1174 3290 abisai
1183 3230 1261 3288 filius
1271 3228 1378 3288 Serviae
1386 3227 1449 3298 regi
1460 3243 1467 3282 :
1477 3230 1574 3292 Quare
1584 3220 1733 3280 maledicit
1741 3233 1828 3276 canis

108 3343 225 3386 suum·
240 3327 272 3384 Si
281 3331 383 3383 autem
392 3326 500 3384 dixerit
508 3326 584 3383 mibi
601 3348 607 3381 :
627 3329 692 3384 Non
703 3325 805 3400 places
820 3330 949 3400 :praesto
1001 3325 1050 3382 hic
1066 3320 1227 3379 moriturus
1236 3317 1362 3374 domino
1375 3309 1668 3408 meoregiivadam,
1682 3312 1711 3364 et
1722 3321 1830 3406 ampu-

108 3433 202 3488 sum,
217 3414 309 3473 iaciat
319 3416 402 3489 quod
412 3415 528 3473 bonum
543 3419 589 3473 est
600 3429 702 3473 coram
718 3430 759 3472 se.
773 3417 807 3472 Et
816 3414 890 3471 dixit
897 3429 950 3471 rex
1002 3413 1074 3472 tabo
1089 3414 1180 3484 caput
1192 3407 1268 3479 ejus.
1279 3408 1313 3461 lit
1324 3404 1366 3462 ait
1378 3418 1430 3460 rex
1446 3418 1453 3458 ε
1466 3399 1543 3467 Quid
1556 3397 1629 3454 mihi
1645 3399 1673 3452 et
1685 3394 1772 3492 vobis
1787 3396 1830 3450 est

108 3506 155 3565 ad
167 3503 273 3564 Sadoc
280 3502 467 3562 sacerdotem
483 3502 835 3561 :oiidensreverterein
848 3500 949 3560 civita·
1002 3498 1174 3559 dliiSarvie
1184 3496 1199 3553 t
1209 3493 1346 3553 dimittite
1356 3506 1436 3557 eum,
1452 3485 1653 3545 utmaledicat
1667 3483 1829 3580 :Dominus

108 3602 178 3652 tem
194 3592 228 3651 in
240 3607 336 3666 pace:
353 3597 383 3649 et
397 3590 645 3650 Achimaasfllius
668 3596 748 3660 tuus,
766 3595 795 3649 et
807 3591 950 3649 lonathas
1003 3590 1082 3647 enim
1099 3585 1240 3662 pracepit
1252 3583 1279 3638 ei
1289 3585 1321 3639 ut
1329 3577 1520 3637 malediceret
1532 3573 1647 3632 David:
1663 3574 1771 3672 etquis
1785 3572 1831 3668 est

110 3683 201 3741 filius
210 3680 366 3754 abiathar,
380 3681 442 3739 duo
451 3681 506 3738 filii
517 3679 618 3747 vestri,
633 3679 867 3739 sintvobiscum.
876 3683 951 3737 llere
1003 3678 1056 3752 qui
1071 3676 1181 3734 audeat
1188 3673 1297 3737 dicere,
1313 3683 1406 3743 quare
1421 3667 1463 3723 sic
1477 3663 1598 3722 lecerit?
1610 3661 1691 3718 Etait
1701 3674 1752 3716 rex
1764 3657 1830 3758 Abi:

114 3787 179 3844 ego
196 3769 368 3828 abscondar
378 3769 410 3827 in
423 3767 639 3844 campestrihus
651 3769 771 3838 deserti,
786 3769 882 3827 donec
900 3783 950 3826 ie·
1005 3767 1059 3832 sai,
1077 3769 1105 3823 et
1119 3760 1266 3821 universis
1278 3757 1371 3816 servis
1382 3758 1445 3812 suis
1464 3774 1471 3815 :
1487 3757 1560 3811 llaec
1577 3751 1657 3808 lilius
1669 3764 1764 3819 meus,
1777 3761 1830 3820 qui

111 3864 184 3921 niat
199 3874 335 3918 sermoa
353 3859 437 3917 iobis
449 3859 587 3917 indicans
611 3859 695 3917 mibi.
716 3862 952 3932 deportaverunt
1005 3870 1144 3928 egressus
1154 3855 1198 3909 cst
1209 3851 1247 3906 de
1262 3854 1345 3906 utero
1358 3860 1433 3914 meo,
1449 3841 1697 3940 queritanimam
1708 3849 1825 3939 meamf

114 3965 196 4020 ergo
211 3948 311 4006 Sadoc
324 3949 506 4006 eisbiethar
515 3963 617 4006 aream
630 3947 682 4004 Dei
695 3948 725 4004 in
742 3947 926 4004 Hierusalem
942 3964 949 4002 ι
1005 3946 1120 4018 quanto
1133 3939 1229 4011 magis
1236 3937 1285 3994 hic
1294 3936 1374 3993 tilius
1388 3933 1494 3992 lamini
1503 3929 1660 3988 maledicet
1675 3925 1775 4022 mihil
1782 3922 1829 4024 di·

116 4045 149 4097 et
164 4038 400 4095 manseruntibi.
414 4041 505 4095 Porro
519 4037 614 4094 David
636 4036 821 4094 ascendebat
840 4036 951 4093 clivum
1005 4031 1111 4090 mittite
1120 4021 1686 4096 eum,ulmaledicatjuxtapreceptum
1693 4017 1828 4072 Domini:

120 4127 286 4195 olivarum,
299 4126 447 4184 scandens
461 4129 490 4183 et
507 4123 595 4194 Dens,
616 4125 707 4181 nudis
725 4123 856 4197 pedihus
874 4123 952 4180 inee-
1007 4120 1033 4178 si
1045 4119 1119 4177 lorte
1133 4115 1272 4189 respiciat
1286 4113 1430 4172 Dominus
1449 4109 1643 4168 afflictionem
1662 4117 1786 4161 meam=
1803 4103 1833 4157 et

122 4215 217 4282 dens,
230 4220 368 4290 etoperto
393 4214 490 4289 capite
505 4231 511 4272 :
527 4215 580 4271 sed
595 4221 624 4271 et
633 4213 732 4271 omnis
742 4213 885 4287 populus,
900 4213 953 4287 qui
1006 4209 1113 4268 reddat
1123 4205 1197 4264 mihi
1210 4205 1355 4262 Dominus
1365 4203 1481 4259 bonum
1491 4213 1547 4271 pro
1555 4193 1763 4296 maledictione
1773 4189 1831 4248 bac

120 4307 193 4362 erat
214 4319 283 4361 cnm
306 4320 352 4372 eo,
376 4310 481 4377 operto
497 4304 591 4377 capite
620 4301 802 4359 ascendebat
818 4302 951 4374 plorans.
1006 4293 1353 4356 hodiernatmhulabat
1362 4292 1463 4364 itaque
1475 4286 1569 4346 David
1580 4289 1689 4343 etsooii
1703 4299 1766 4382 eius
1776 4295 1830 4355 per

117 4392 361 4452 Nunciatumest
370 4395 473 4449 autem
487 4390 592 4459 David,
601 4390 685 4464 quod
695 4390 866 4463 achitophel
876 4394 953 4447 esset
1007 4386 1087 4444 viam
1099 4401 1166 4442 cum
1181 4400 1226 4441 eo.
1244 4381 1341 4442 semei
1360 4387 1470 4444 autem,
1483 4391 1537 4450 per
1547 4376 1654 4448 jugum
1668 4375 1780 4429 mentis
1794 4385 1832 4427 ex

116 4479 454 4554 inconjmationecum
462 4478 954 4552 Absalom.DixitqueDavid:lnla·
1008 4475 1108 4542 latere,
1137 4477 1241 4531 contra
1261 4470 1345 4528 illum
1371 4465 1573 4539 gradiebatur,
1594 4461 1788 4526 maledicens,
1804 4461 1834 4514 et

119 4579 188 4640 tua,
207 4587 326 4646 quaeso,
342 4571 467 4628 Domine
481 4568 638 4627 consilium
654 4568 841 4642 Achitopbel.
867 4572 954 4628 Cum·
1008 4559 1831 4636 mittenslepidesadversumeum.utramquesparatus·

117 4677 185 4735 que
200 4659 376 4718 ascenderet
388 4659 484 4717 David
497 4657 701 4716 summitatem
716 4658 837 4724 montis,
852 4656 883 4715 in
892 4675 953 4733 quo
1009 4653 1094 4710 venit
1103 4653 1204 4726 itaque
1213 4647 1414 4718 rexDaiid,et
1424 4637 1831 4714 universuspopuluscumeo

118 4750 308 4808 adoraturus
317 4753 381 4807 erat
394 4747 567 4817 Dominum,
581 4761 650 4803 ecce
662 4745 789 4802 occurrit
803 4746 829 4802 ei
844 4747 954 4805 chusai
1006 4738 1384 4808 lassus,etrefocillatisunt
1396 4731 1709 4790 ibi.Abse10mautein
1722 4726 1750 4780 et
1767 4736 1831 4778 om·

119 4838 293 4904 Araohites,
318 4837 412 4894 scissa
435 4840 526 4903 reste,
549 4839 578 4892 et
591 4839 669 4894 terra
684 4834 774 4908 pleno
791 4835 900 4908 capite.
921 4839 954 4893 lli
1007 4833 1054 4889 nis
1069 4829 1199 4904 populus
1212 4827 1279 4899 ejus
1296 4823 1423 4896 ingressi
1441 4825 1511 4878 sunt
1521 4813 1716 4880 Hierusalem,
1733 4809 1788 4868 sed
1803 4814 1832 4867 et

119 4927 201 4986 dixit
216 4927 244 4983 ei
259 4926 374 4983 David:
391 4925 420 4984 Si
436 4925 550 4982 veneris
562 4938 693 4989 mecum,
704 4924 761 4980 eris
776 4923 850 4981 mihi
860 4925 953 4992 oneri,
1008 4917 1184 4993 tobitopnel
1194 4929 1321 4992 cumpo.
1340 4924 1376 4984 ip.
1395 4911 1500 4967 Amen.

121 5019 155 5073 si
171 5022 275 5074 autem
289 5014 322 5072 in
334 5015 483 5072 civitatem
494 5013 662 5084 revertaris,
685 5018 715 5070 et
730 5012 840 5070 dixeris
860 5014 955 5071 Absa-
1044 5011 1194 5080 Hymnus.
1210 5003 1307 5062 Noctis
1328 5007 1454 5074 tempus,
1469 4997 1525 5069 soi.
1541 4997 1604 5051 ati.
1676 5081 1682 5094 ἡ

119 5107 189 5164 lom
207 5121 214 5162 :
235 5107 345 5162 Servus
362 5109 432 5161 tuus
460 5119 539 5171 sum,
559 5119 632 5159 rex:
650 5107 747 5174 patere
765 5117 810 5157 me
833 5101 954 5159 vivere:
1046 5097 1201 5168 Capitale.
1212 5091 1335 5149 intende
1355 5095 1382 5146 et
1397 5085 1506 5146 exaudi
1521 5099 1578 5143 nos
1597 5082 1741 5150 Domine;
1756 5094 1834 5180 qecs

120 5193 207 5252 sicin
216 5193 261 5250 lui
272 5208 377 5250 servus
391 5193 545 5266 patristui‚
555 5192 596 5250 sic
606 5207 658 5250 ero
671 5206 775 5248 scrius
789 5194 857 5247 tuus
873 5213 880 5248 :
894 5191 956 5249 dis·
1010 5179 1292 5244 hendentisinimici
1302 5171 1467 5237 adversitas
1474 5173 1635 5272 conturbet
1646 5189 1653 5239 3
1663 5171 1833 5266 θῒθθῦῑῢῑξθ

122 5282 245 5358 sipabis
256 5280 417 5339 consilium
430 5281 614 5355 achitophel
629 5280 726 5338 liabes
742 5286 842 5337 autem
858 5284 955 5338 tecum
1010 5271 1216 5350 persequentis
1232 5268 1363 5340 exagitat
1379 5284 1386 5325 :
1401 5270 1444 5334 ut,
1459 5265 1533 5322 dum
1548 5277 1644 5322 cernis
1667 5261 1783 5355 mentes
1802 5269 1835 5311 in

122 5371 225 5430 Sadoc
247 5374 276 5428 et
295 5369 439 5429 abiathar
464 5370 657 5428 sacerdotes:
672 5373 806 5426 etomue
829 5369 956 5427 verbum
1010 5379 1067 5422 nos
1078 5359 1222 5421 desaevire
1234 5357 1368 5426 rebelles,
1380 5354 1589 5428 magnanimes
1603 5363 1659 5408 nos
1674 5344 1838 5414 allisisset

122 5457 957 5537 quodcumqueaudierisindomoregis,indicabisSadoe
1009 5451 1239 5512 invictaiirtute
1258 5449 1427 5520 succingas.

123 5547 538 5612 etAbiatharsacerdotibus.
551 5548 791 5610 Suntenimcitm
802 5547 957 5612 eisduotl·
1046 5545 1253 5605 raarnoster.
