4117 6175
86 211 141 268 329

195 335 328 391 Somnus
342 330 454 388 relaxet
465 330 570 387 otium.

232 424 270 479 'le
283 420 380 479 noctis
393 420 470 477 inter
483 419 614 478 horridae

197 515 322 584 Tempus
331 525 501 583 precamur,
520 513 652 583 utsopor

197 603 325 658 Mentem
340 599 414 657 dum
424 597 536 657 lessam
550 598 669 671 detinet,

199 689 281 747 lidei
293 687 347 745 lux
361 688 529 746 inluminet.

234 778 332 836 llostis
346 794 384 835 ne
396 777 489 836 fallax
501 777 603 835 incitet

198 866 333 925 Lascivis
358 883 463 925 curam
480 867 601 938 gaudiis

198 958 350 1015 Secretam
365 955 459 1013 noctis
471 956 623 1015 advocans

197 1044 330 1102 Blandus
343 1044 375 1101 in
389 1048 480 1101 aestus
488 1044 634 1117 corporis.

233 1131 382 1207 subrepat
400 1132 500 1191 nullus
510 1134 613 1191 sensui

193 1224 307 1280 Horror
318 1221 433 1280 timoris
445 1222 538 1293 anxii,

196 1311 315 1367 inludat
327 1310 412 1369 nulla
425 1314 557 1369 mentem

199 1398 297 1457 Fallax
307 1398 411 1471 imago
425 1398 520 1457 visus.

235 1488 292 1545 Sed
304 1503 375 1545 curn
385 1487 536 1561 profunda
546 1485 657 1546 vexerit

197 1578 339 1647 Somnus,
355 1593 496 1635 curarum
506 1578 635 1647 nescius,

196 1664 284 1722 Fides
296 1680 488 1737 nequaquam
505 1664 646 1733 dormiat,

195 1753 338 1827 Vigilque
352 1769 457 1811 sensus
471 1752 610 1811 somniet.

232 1844 295 1901 Deo
308 1844 385 1901 Patri
399 1844 435 1901 sit
444 1843 551 1915 gloria,

198 1933 327 2007 Eiusque
337 1932 392 1990 soli
408 1931 492 2003 Filio,

197 2022 307 2079 Sancto
316 2020 408 2077 simul
419 2020 572 2089 Paraclilo,

195 2112 229 2167 ln
241 2109 425 2183 sempiterna
440 2108 559 2167 secula

229 2203 321 2254 husen

125 2288 332 2359 snpplicatio.
347 2288 483 2346 oremus.

121 2394 278 2464 capitulo.
289 2394 304 2450 J
306 2398 529 2467 esupraeceptor
537 2393 754 2453 occurrenobis
759 2391 918 2451 ambulan-

87 2483 275 2550 libusuam,
297 2482 487 2557 cupientibus
507 2483 709 2557 perveniread
720 2482 867 2555 patriam:
885 2486 919 2539 ut

89 2572 280 2645 procedente
290 2571 430 2639 lucetna,
446 2570 638 2629 ambulemus
652 2571 773 2628 inviam
793 2576 917 2630 rectam.

91 2659 918 2731 necoberremusintenebramistiusnoctishorrendam,

94 2755 119 2805 te
133 2751 165 2805 in
178 2750 268 2807 uobis
282 2748 411 2815 lucente,
438 2749 490 2822 qui
502 2765 535 2807 es
548 2750 606 2816 ria,
626 2747 737 2807 veritas
749 2748 847 2806 etrite
861 2767 868 2807 :
882 2746 923 2803 ds

93 2838 183 2907 igitur
194 2838 282 2894 nobis
294 2844 326 2894 ut
340 2838 417 2895 sicut
440 2854 539 2895 cacus
562 2838 611 2895 ille
635 2837 823 2895 confessione
845 2848 922 2893 verte

93 2926 280 2983 credulitatis
294 2926 424 2984 obtinuit
436 2926 551 2984 donum
559 2926 683 2983 indultae
692 2925 858 2983 salutis:ita
867 2938 925 2980 nos

670 202 849 263 onumen
867 204 892 259 ll
910 198 1215 274 QUADRAGESIMAE.

931 329 957 387 A
973 331 1103 391 salutare
1115 340 1211 405 tuum,
1227 341 1256 397 et
1269 338 1423 415 eloquium
1437 344 1533 399 tuum.
1549 342 1785 412 hortatore

1745 220 1800 279 330

972 419 1027 491 ria,
1038 426 1067 480 ot
1079 422 1185 494 bonor,
1208 430 1264 484 ete.

1009 508 1121 581 Oratio,
1144 513 1206 574 Tua
1225 529 1317 589 super
1341 531 1398 574 nos
1422 514 1637 591 misericordia,
1660 519 1797 593 Domine,

973 596 1047 656 dum
1066 615 1219 673 rogamus,
1243 603 1400 664 adveniat:
1423 607 1569 678 tuumque
1597 605 1725 667 salutare
1746 624 1799 669 cor

973 690 1109 745 nostrum
1125 690 1292 765 eloquatur,
1303 696 1333 750 st
1340 691 1466 751 eruditio
1475 696 1591 751 mentes
1599 700 1718 753 nostras
1728 712 1798 757 euu-

974 773 1056 832 triat:
1075 782 1104 835 nt
1118 778 1171 852 qui
1182 780 1214 837 in
1228 781 1285 839 tuis
1295 796 1452 854 speramus
1467 779 1667 850 sermonibus,
1676 780 1733 839 tuis
1745 796 1799 855 per

972 864 1458 930 omniaconsolemurvirtutibus:
1472 885 1508 928 ac
1524 869 1597 927 dum
1614 885 1682 945 spes
1693 871 1799 928 nostra

971 952 1002 1009 in
1018 956 1048 1010 te
1065 954 1209 1027 dirigitur,
1226 959 1289 1031 spei
1303 958 1398 1033 ipsius
1412 974 1432 1019 a
1445 964 1474 1017 te
1485 958 1573 1018 nobis
1582 958 1798 1033 pelitioconce·

971 1040 1070 1100 detur.
1086 1055 1121 1116 rs.
1136 1046 1241 1105 Arnen.

1008 1133 1062 1187 Par
1079 1132 1326 1194 misericordiam.

1008 1220 1113 1279 Laudo
1124 1225 1152 1280 ³.
1164 1221 1269 1281 Veniat
1281 1240 1373 1298 super
1383 1220 1800 1295 uos,Domine,missricordia

972 1310 1024 1364 tua
1040 1325 1047 1363 :
1063 1310 1101 1366 P.
1130 1309 1264 1370 salutare
1287 1315 1384 1381 tuum,
1403 1311 1595 1386 eteloquinm
1610 1316 1706 1369 tuum.
1718 1310 1750 1373 ll.
1765 1310 1800 1367 ut

972 1396 1162 1469 respondebo
1179 1399 1430 1473 exprobrantibus
1456 1400 1530 1458 mihi
1551 1399 1703 1458 verbum:
1726 1398 1798 1472 quie

974 1486 1092 1558 speravi
1103 1485 1134 1543 iu
1149 1487 1341 1545 sermonibus
1356 1488 1457 1551 inisti.
1467 1486 1575 1555 Gloria,
1584 1489 1794 1553 ethonor,ctc.

1009 1574 1117 1634 Oratio.
1133 1577 1333 1650 Veniatsuper
1342 1576 1682 1646 nos,Domine,salulare
1695 1582 1797 1634 tuum:

932 1680 954 1739 g
973 1666 1006 1720 ut
1024 1679 1060 1719 ex
1081 1679 1132 1721 ore
1148 1670 1250 1723 nostro
1264 1665 1396 1723 veritatis
1410 1681 1578 1739 numquam
1592 1664 1718 1739 ,decidat
1732 1679 1801 1721 ver·

972 1750 1063 1823 bum;
1090 1768 1145 1809 nec
1164 1752 1386 1812 confundamur
1406 1752 1517 1828 eloquii
1541 1752 1712 1811 testimonio
1734 1750 1799 1818 tui:

972 1839 1026 1897 sed
1040 1839 1131 1897 libere
1142 1840 1292 1899 fateamur
1306 1848 1366 1899 turc
1379 1841 1454 1914 legis
1468 1840 1609 1914 insignia.
1625 1852 1661 1913 lt.
1691 1841 1798 1897 Amen.

1006 1928 1060 1984 Per
1071 1927 1317 1987 misericordiam.

1007 2016 1113 2075 Laudo
1122 2020 1149 2075 i.
1162 2021 1267 2076 hverte
1281 2016 1385 2077 oculos
1400 2032 1494 2085 meos,
1507 2033 1546 2076 ne
1559 2016 1682 2075 rideant
1710 2014 1795 2089 183

970 2107 1132 2163 vanitatem
1143 2123 1151 2159 ε
1164 2106 1201 2162 P.
1217 2105 1290 2163 Elin
1301 2107 1351 2165 via
1374 2109 1425 2164 tua
1438 2106 1558 2163 vivifiea
1572 2120 1631 2174 me,
1659 2102 1798 2162 Domine.

968 2193 1001 2255 it.
1015 2194 1126 2265 Legem
1140 2210 1219 2268 pone
1229 2195 1302 2253 mihi
1315 2195 1441 2254 Domine
1452 2195 1534 2253 viam
1550 2192 1799 2266 justificationum

969 2287 1110 2344 tuarum:
1127 2290 1155 2342 et
1164 2284 1322 2359 exquiram
1336 2300 1406 2343 eam
1432 2298 1557 2358 semper.
1573 2282 1609 2340 P.
1634 2284 1667 2339 lit
1687 2281 1719 2339 in
1733 2281 1795 2343 ria.

969 2369 1001 2432 i.
1013 2371 1121 2441 Gloria,
1138 2377 1165 2430 at
1181 2373 1289 2443 honor,
1302 2376 1360 2444 etc,

1008 2459 1120 2520 Oratio.
1136 2462 1241 2519 :lieris
1260 2463 1365 2521 oculos
1380 2465 1511 2530 nostros,
1533 2460 1670 2531 Domine,
1698 2473 1736 2516 ne
1761 2457 1804 2517 vi·

973 2547 1233 2607 deantvanitatem
1246 2567 1253 2607 :
1265 2554 1292 2607 el
1302 2550 1392 2607 invia
1406 2553 1458 2608 tua
1468 2548 1585 2607 vivifica
1599 2564 1655 2605 nos
1665 2563 1672 2605 :
1684 2547 1731 2604 fac
1750 2560 1805 2604 nos

974 2635 1059 2692 odire
1072 2636 1226 2705 seculum,
1244 2641 1273 2693 et
1285 2636 1406 2708 diligere
1419 2634 1579 2693 Christum.
1594 2646 1627 2707 tr.
1644 2634 1751 2693 Amen.

1013 2723 1069 2780 Per
1078 2722 1324 2781 misericordiam.

1016 2812 1179 2869 Psalmesn
1195 2817 1272 2869 totus
1292 2828 1358 2869 cum
1370 2810 1471 2868 Gloria
1490 2809 1577 2877 Patri,
1590 2814 1649 2866 etc.

1015 2900 1254 2975 Kyrie,eleison.
1271 2899 1394 2967 Christe,
1413 2897 1538 2956 eleison.
1563 2895 1663 2969 Kyrie,
1685 2893 1807 2953 eleison.

93 3014 301 3086 adipiscamur
313 3016 344 3072 in
357 3014 423 3071 istis
438 3016 538 3072 verbis
544 3014 684 3072 effectum
703 3014 760 3088 pioe
774 3012 926 3088 petitionis
940 3000 963 3063 G
980 2990 1066 3048 Pale?
1084 2994 1195 3048 ὓῡῧῑθΐ·

94 3120 168 3160 cum
177 3121 213 3161 ea
222 3121 288 3178 qum
297 3122 356 3162 nos
369 3105 792 3179 docuisti,proclamsrerimus
801 3119 818 3162 e
826 3103 926 3164 terris:

131 3193 339 3251 Paternoster.

130 3282 304 3340 humilitate
319 3299 375 3340 ros
391 3283 603 3342 benedictioni.

130 3371 280 3428 Dominus
293 3373 331 3429 sit
342 3389 469 3446 semper.
486 3385 519 3445 h.
534 3375 661 3430 Etcum.

126 3479 313 3537 Benedictio.
334 3478 531 3553 Omnipotens
545 3481 632 3537 iesus
647 3478 791 3545 Christus,
804 3477 857 3550 qui
868 3475 929 3534 vir·

94 3574 153 3625 tute
168 3570 384 3642 potentieesuss
394 3568 578 3626 coecisoculis
588 3567 725 3642 prestitit
736 3567 929 3632 medicinam,

94 3659 158 3731 ipse
170 3657 277 3714 oculos
292 3662 408 3716 vestros
438 3658 478 3715 ab
500 3657 584 3716 omni
602 3657 734 3714 vanitate
753 3659 877 3714 arenul.
895 3665 929 3727 n.

95 3756 200 3804 amen.
215 3746 314 3820 thui
333 3746 376 3802 illi
389 3746 526 3819 prestitit
539 3762 572 3803 so
598 3746 629 3803 in
653 3746 776 3803 veritate
803 3760 931 3817 cognos-

97 3851 173 3902 cere,
185 3836 251 3910 ipse
267 3837 362 3895 corda
375 3840 475 3894 vestra
488 3836 521 3892 in
535 3835 582 3892 sui
593 3835 683 3892 nimis
694 3834 848 3892 dilectione
856 3849 932 3892 cou-

96 3927 204 3983 firmat.
220 3937 255 3996 n.
268 3932 376 3982 Amen.
408 3925 523 3998 Quique
551 3941 583 3981 se
603 3940 655 3999 per
679 3924 737 3982 hoc
751 3921 932 3980 miraculum

96 4015 229 4074 ostendit
238 4014 447 4072 admirabilem
459 4013 590 4087 populis,
599 4013 641 4070 ita
651 4029 708 4070 nos
717 4012 799 4070 dono
809 4009 933 4084 impleat

96 4108 212 4162 sancto
222 4103 351 4171 virtutis,
367 4102 497 4176 qualiter
521 4102 561 4160 ad
589 4106 732 4159 aternum
758 4101 851 4158 ritum
867 4098 931 4156 sine

97 4189 228 4248 macula
240 4191 389 4263 pervenire
401 4191 533 4266 possitis.
545 4203 578 4264 tr.
593 4196 700 4250 Amen.

138 4278 449 4339 Permisericordiam.

134 4386 254 4446 nauca
272 4386 317 4444 hb
330 4388 413 4445 ouini
424 4388 475 4446 via
491 4387 572 4447 mala
589 4386 716 4461 prohibe
731 4385 822 4460 pedes
836 4399 931 4452 meos,

97 4476 245 4534 Domine:
266 4477 303 4533 P.
331 4480 367 4535 ut
393 4477 564 4536 custodiam
586 4477 713 4534 verbum
734 4481 830 4542 tuum,
854 4475 932 4530 Deus

97 4582 204 4624 meus.
218 4566 251 4626 i.
266 4567 425 4633 Quomodo
443 4565 532 4624 dilexi
546 4567 644 4638 legem
671 4573 755 4622 tuam
784 4560 932 4622 Domine?

98 4659 164 4712 tota
175 4654 472 4713 diemeditatiomes
484 4660 541 4712 est.
556 4656 587 4711 P.
609 4656 652 4712 ut.
666 4654 698 4715 i.
713 4653 820 4720 Gloria,
836 4656 866 4709 et
877 4651 934 4709 ho·

99 4758 157 4802 nor
173 4744 265 4812 Patri,
277 4750 334 4802 etc.

137 4851 258 4910 Oratim
274 4849 321 4908 Ab
333 4851 417 4909 omni
427 4851 478 4910 via
493 4851 576 4909 melu
589 4849 716 4924 prohibe
729 4848 823 4923 pedes
838 4862 932 4912 meos,

100 4941 252 5000 Domine:
276 4940 462 5014 verbumque
487 4944 572 4998 tuum
586 4944 646 4998 tota
666 4954 820 4996 servemus
841 4940 936 4994 atten-

102 5030 202 5100 tione:
218 5034 308 5102 atque
320 5045 339 5085 a
352 5028 433 5087 malo
446 5029 596 5099 recedere,
609 5031 638 5085 et
649 5026 703 5085 tibi
718 5043 775 5084 nos
788 5024 935 5099 perpetim

102 5117 195 5175 facias
210 5117 410 5191 complacere.
423 5127 455 5189 tt.
468 5122 572 5174 Amen.

140 5207 196 5265 Per
208 5207 458 5266 misericordiam.

139 5315 247 5373 Loudo
258 5321 285 5373 t.
303 5319 344 5373 Ne
358 5316 477 5374 auferas
493 5315 530 5372 dc
549 5329 600 5372 ore
612 5329 681 5370 meo
694 5311 822 5369 verbum
833 5312 938 5368 verita-

100 5404 154 5468 tis,
166 5403 314 5462 Domine:
337 5404 508 5471 Romaiu
531 5400 654 5477 iudiciis
678 5402 736 5459 tuis
758 5399 883 5474 sperati.
903 5399 937 5461 it.

100 5491 138 5549 Et
160 5493 265 5551 veniat
287 5498 385 5567 {super
401 5506 458 5551 nos
482 5490 690 5551 misericordia
713 5493 766 5552 tua
791 5491 936 5549 Domine:

291 5581 415 5641 Parnon.
438 5578 587 5641 lxxxvi.

1016 3080 1131 3138 Preces.
1143 3081 1259 3145 Averte,
1273 3076 1410 3136 Domine.
1427 3076 1460 3133 P.
1489 3074 1568 3134 lram
1579 3074 1693 3132 lusura
1710 3070 1809 3130 nobis.

981 3170 1013 3232 lt.
1034 3169 1118 3226 Adsit
1128 3167 1217 3226 nobis
1230 3164 1362 3240 potentia
1371 3171 1431 3238 tua,
1459 3163 1593 3222 Domine.
1614 3163 1648 3222 P.
1672 3166 1761 3220 Iram.
1777 3159 1810 3222 t.

982 3256 1254 3328 Benedic,Domine
1278 3255 1473 3312 hereditatem
1496 3258 1590 3310 tuam.
1615 3253 1649 3307 P.
1678 3247 1809 3311 tramit.

984 3348 1120 3409 Concede
1131 3361 1240 3419 pacem
1253 3343 1390 3401 Ecclesia
1407 3347 1475 3412 ture,
1489 3340 1631 3398 Domine.
1640 3337 1672 3394 P.
1692 3338 1809 3394 Averte.

1019 3437 1130 3495 Oratio
1143 3438 1257 3500 everte,
1275 3431 1409 3499 Domine,
1425 3429 1531 3487 faciem
1552 3431 1636 3483 tuam
1648 3439 1667 3482 a
1681 3422 1809 3496 peccatis

983 3526 1114 3593 nostris;
1130 3528 1157 3582 et
1170 3537 1293 3581 omnem
1312 3521 1389 3579 iram
1401 3534 1436 3577 ac
1451 3517 1583 3574 furorem
1593 3517 1678 3571 tunm
1693 3509 1812 3571 anobis

983 3631 1119 3675 remove:
1147 3611 1283 3671 Ecclesia
1295 3615 1353 3668 ture
1367 3623 1473 3682 pacem
1486 3604 1636 3673 concedc;
1655 3607 1684 3661 et
1706 3615 1812 3659 omnes

984 3704 1159 3778 iniquitates
1170 3705 1288 3759 nostras
1303 3699 1434 3756 clemens
1446 3694 1526 3754 dele:
1535 3707 1656 3752 remorc
1666 3691 1706 3750 ab
1717 3688 1813 3748 oculis

984 3794 1043 3852 tuis
1069 3795 1240 3849 nostrarum
1269 3787 1387 3846 facinus
1412 3785 1614 3858 voluptatum,
1641 3785 1812 3853 nostraeque

985 3879 1165 3942 confessioni
1182 3885 1267 3936 tuum
1281 3876 1441 3934 clementer
1453 3886 1573 3948 appone
1599 3869 1736 3930 auditum
1754 3884 1762 3937 ;
1784 3872 1813 3926 et

985 3969 1126 4030 veniuada
1137 3966 1316 4025 remedium.
1330 3977 1366 4037 rr.
1379 3965 1486 4022 Amen.

1019 4062 1073 4116 Per
1091 4054 1331 4116 misericordiam
1345 4057 1439 4112 tuam.

1283 4195 1362 4238 runis
1382 4191 1515 4236 SECUNDA.

1268 4305 1315 4362 Ad
1332 4304 1530 4362 Maleficum.

1021 4419 1065 4474 Tu
1076 4417 1177 4473 autem
1193 4411 1326 4469 Domine.
1340 4409 1478 4467 Psalmo:
1491 4411 1517 4465 3.
1533 4405 1641 4464 Oratio.
1659 4401 1811 4470 Quamvis,

985 4504 1122 4562 Domine.
1141 4503 1200 4573 fol.
1222 4499 1281 4558 ill.

1022 4592 1196 4664 Antiphone
1208 4590 1235 4645 l.
1250 4589 1376 4659 Lignum
1402 4585 1469 4644 vitre
1483 4583 1598 4658 planta,
1623 4577 1758 4645 Domine,
1781 4575 1813 4630 in

989 4682 1132 4742 cordibus
1145 4678 1270 4737 nostris:
1287 4682 1321 4735 ut
1334 4676 1384 4734 det
1402 4675 1530 4732 fructum
1545 4673 1723 4742 intempore
1746 4678 1811 4720 suo.

987 4775 1155 4832 Psolmesr.

1024 4863 1134 4921 Oratio·
1151 4857 1287 4918 concede
1302 4853 1400 4921 nohis,
1413 4849 1591 4917 Domine,ob
1601 4843 1814 4904 amorembea·

988 4950 1122 5011 titudinis
1136 4947 1264 5006 consilia
1277 4943 1426 5002 declinare
1441 4935 1604 5012 iniquitatis
1617 4951 1626 5008 ;
1641 4933 1816 4993 cathedram

989 5043 1091 5115 itaque
1105 5036 1280 5112 pestilentias
1295 5031 1401 5108 procul
1415 5027 1533 5087 anobis
1548 5039 1675 5101 sepone:
1688 5025 1816 5098 utpesti-

988 5130 1058 5188 ferae
1079 5125 1221 5184 doctrine
1237 5121 1321 5179 tabes
1337 5117 1549 5177 nonadhoeraet
1560 5113 1816 5173 conniventioeno·

990 5223 1056 5276 strre
1067 5233 1074 5285 ;
1084 5212 1327 5272 sedroluntatcm
1340 5212 1473 5266 nostram
1483 5223 1502 5263 a
1514 5206 1634 5262 rnalitrra
1645 5199 1815 5292 assensione

990 5314 1023 5366 tu
1038 5319 1158 5363 remove
1171 5305 1217 5370 ;et
1232 5298 1424 5358 meditatione
1436 5293 1511 5370 legis
1525 5300 1584 5352 tuos
1601 5291 1670 5365 Jugi
1693 5299 1748 5342 uos
1763 5279 1818 5336 trbr

991 5409 1095 5454 amore
1110 5392 1272 5464 conjunge.
1287 5399 1320 5461 rs.
1332 5391 1437 5445 hmsn.

1029 5477 1347 5541 Permiserieordiam.

1650 5547 1682 5606 ll
