4117 6175
240 250 288 333 til
869 215 1313 321 aeetllmultaoriu'ctltt.
1683 248 1684 251 ¹
1891 236 1943 306 172

237 401 339 458 reatus
353 384 521 454 facinorum
534 386 611 447 tenet
624 382 773 442 obnoxios
785 382 986 442 miserationis
1001 383 1060 440 tuuc
1077 379 1101 435 A
1114 378 1215 434 Priora
1230 393 1266 433 ex
1279 380 1349 434 tunc
1361 374 1548 443 adnuntiavi,
1561 374 1635 432 etex
1647 387 1698 431 ore
1711 388 1778 431 meo
1787 372 1845 445 82
1861 370 1941 430 exie-

238 486 395 546 013m3nq,
412 480 501 539 faciat
514 474 678 535 absolutos,
694 484 727 545 p,
742 473 848 531 Amen,
1114 471 1192 531 runt,
1207 466 1235 522 et
1246 463 1458 522 auditaieciea
1469 466 1840 540 :repenteoperatussum
1851 464 1940 518 etve-

274 567 575 632 Permisericordiam
589 570 683 627 tuam,
699 564 778 619 Deus
790 564 901 628 noster,
915 562 971 617 etc.
1115 556 1233 612 nerunt.
1247 552 1313 611 Scio
1328 553 1408 611 enim
1423 554 1493 628 quia
1505 552 1600 610 durus
1614 570 1645 609 es
1660 556 1700 625 tu,
1719 554 1747 609 et
1761 562 1870 609 nervus
1882 548 1938 606 ler-

272 663 486 722 Adoamicam.
505 656 687 728 Antiphone.
705 652 851 724 Splendor
864 651 940 709 lucis
956 646 1063 705 illumi·
1116 658 1184 698 reus
1200 642 1298 699 cervix
1313 648 1370 706 tua,
1385 648 1413 699 et
1423 643 1502 699 irone
1518 648 1567 699 tua
1580 658 1659 700 aerea
1679 685 1687 700 .
1704 640 1828 697 Praedixi
1838 638 1889 697 tibi
1900 652 1941 737 ex

237 759 290 811 nat
301 767 378 818 eam,
394 754 423 804 et
433 749 557 806 lucerna
566 744 631 815 ejus
644 758 741 812 agnus
755 748 811 798 est.
1117 738 1187 787 tunc
1205 736 1251 797 ;et
1261 737 1423 805 antequam
1445 734 1575 790 venirent
1587 729 1717 789 indicavi
1736 729 1800 801 tibi,
1817 744 1854 785 ne
1867 728 1940 785 iorle

432 835 588 893 Canticum
605 832 702 889 Tatta
717 830 796 902 (Cap.
811 831 885 895 xnrl.
1117 818 1230 877 diceres
1246 818 1565 879 :idolameaieccrunt
1579 822 1654 891 lroec,
1668 822 1696 877 et
1711 818 1859 893 sculptilia
1873 830 1942 873 mea

272 930 350 983 Luee
367 923 448 981 clara
462 920 589 993 fulgebis
604 920 634 976 in
649 918 790 976 omnibus
803 917 914 974 finibus
937 920 1021 972 terrae
1036 900 1066 970 ε’
1118 910 1146 964 et
1158 908 1319 966 conflatilia
1331 908 1550 969 mandaverunt
1559 908 1624 967 ista.
1643 910 1713 975 011ae
1725 907 1860 977 audistis,
1872 903 1941 1005 Vidi

236 1016 374 1073 Nationes
384 1012 486 1069 multae
497 1010 535 1066 de
548 1008 714 1080 longinquo
729 1006 849 1063 venient
860 1005 923 1071 tibi,
940 1008 968 1059 et
980 1000 1064 1059 habi·
1117 998 1303 1055 omnia:vos
1313 1000 1482 1056 autemnon
1492 994 1942 1057 adnuntiastis.Auditalecitibr

236 1105 345 1161 totores
357 1117 376 1158 a
387 1097 558 1156 norisslmis
582 1095 717 1169 partibus
732 1098 816 1152 terrm
829 1092 992 1150 adnomen
1006 1090 1063 1147 Do·
1117 1099 1197 1142 nova
1204 1102 1240 1141 ex
1248 1090 1359 1158 tune‚et
1369 1090 1620 1159 conservataque
1629 1087 1738 1144 neseis:
1749 1100 1830 1142 nune
1841 1087 1942 1141 ereata
2019 1150 2025 1171 ,

238 1190 313 1249 mini
327 1188 379 1245 pei
399 1207 405 1245 ;
1118 1178 1196 1243 sunt,
1210 1178 1238 1230 et
1252 1180 1313 1230 nort
1326 1190 1363 1231 ex
1385 1179 1456 1232 tunc
1475 1192 1481 1229 :
1505 1176 1533 1230 et
1545 1176 1612 1231 ante
1627 1174 1716 1240 diem,
1728 1178 1756 1231 et
1767 1190 1829 1232 non
1843 1172 1942 1231 vidisti

171 1307 173 1314 ·
273 1267 1064 1339 Utmunerasuainmanibusbabentes,regicoelorum
1117 1278 1162 1329 ca,
1171 1278 1209 1319 ne
1217 1261 1381 1321 lortedicas
1399 1264 1489 1319 :Doce
1497 1262 1663 1333 cognovisti
1671 1278 1716 1328 ea,
1726 1264 1826 1337 Neque
1834 1260 1942 1319 audisti

113 1420 117 1424 .
236 1366 365 1424 offerunt
383 1380 452 1419 eum
467 1360 576 1417 laetitia.
596 1362 651 1416 *Et
665 1375 776 1415 nomen
789 1354 906 1414 Domini
918 1372 1063 1427 magnum
1116 1367 1214 1425 neque
1224 1350 1864 1426 cognovisti,nequeextuncapertaestauris
1876 1355 1938 1409 tua:

238 1456 292 1511 erit
304 1454 335 1509 in
355 1448 497 1509 omnibus
511 1448 627 1505 saeculis
642 1447 829 1504 saeclorum.
1117 1442 1178 1498 scio
1189 1438 1358 1515 animiquia
1369 1440 1569 1516 praevaricans
1581 1440 1801 1515 praevaricabis,
1814 1442 1943 1497 ottrans·

272 1539 416 1598 llaledicti
428 1553 533 1596 omnes
552 1537 603 1611 qui
623 1539 765 1609 spernunt
775 1542 811 1603 te,
828 1534 879 1592 'el
889 1549 995 1592 omnes
1010 1533 1062 1608 qui
1115 1530 1587 1602 gressoremexvenlrevooavite.
1597 1532 1835 1604 Propternomen
1849 1546 1942 1587 mcum

235 1627 449 1701 blasphemant
459 1631 488 1683 te
504 1644 510 1682 :
1115 1618 1203 1690 longe
1213 1618 1463 1678 taciamlurorem
1472 1636 1580 1677 meum:
1594 1625 1621 1678 et
1635 1619 1724 1679 laude
1735 1635 1803 1678 mea
1814 1616 1943 1678 introna-

271 1716 530 1774 llaledictiomnes
544 1714 597 1789 qui
615 1714 743 1771 oderunt
752 1716 792 1779 te,
814 1713 865 1769 'et
878 1726 985 1769 omnes
1008 1711 1098 1784 quiss
1115 1706 1155 1765 bo
1163 1712 1201 1776 te,
1210 1724 1248 1765 ne
1257 1710 1397 1767 intereas.
1407 1712 1480 1767 Ecce
1490 1724 1660 1784 excoquam
1670 1711 1708 1777 tc,
1720 1710 1774 1767 sed
1781 1723 1844 1766 non
1851 1708 1941 1783 quasi

236 1802 375 1863 dixerunt
388 1804 419 1861 in
431 1806 459 1861 te
469 1802 596 1859 verbum
611 1800 721 1859 durum
737 1820 745 1858 ι
1115 1800 1282 1869 argentum,
1289 1796 1365 1869 elegi
1375 1798 1441 1855 tein
1451 1798 1571 1856 camino
1582 1798 1776 1872 paupertatis.
1788 1799 1941 1856 Protcrme

271 1892 529 1950 llaledictiomnes
544 1890 596 1966 qui
614 1890 771 1965 deponunt
791 1896 828 1964 te,
842 1892 871 1947 et
884 1904 990 1947 omnes
1009 1887 1062 1963 qui
1115 1884 1235 1956 faciam,
1247 1890 1280 1943 ut
1298 1902 1361 1942 non
1379 1884 1589 1959 blasphemer:
1601 1892 1629 1945 et
1645 1884 1772 1959 gloriam
1791 1902 1892 1945 meam
1901 1886 1942 1945 al·

236 1982 395 2040 destruunt
408 1995 511 2038 muros
530 1985 608 2052 tuos,
624 1979 635 2001 ²
651 1982 680 2037 et
693 1976 867 2052 omnesqui
884 1978 1062 2035 subvertunt
1114 1974 1169 2032 teri
1183 1990 1245 2031 non
1253 1973 1342 2032 dabo.
1361 1986 1393 2047 lp.
1409 1976 1515 2034 Amen.

234 2074 330 2128 turres
344 2073 422 2136 tuas,
434 2074 461 2127 et
473 2068 638 2143 omnesqui
665 2067 853 2126 succendunt
861 2065 1061 2125 habitationes
1149 2062 1294 2133 Hymnus.
1305 2062 1499 2134 Benignitalis
1515 2062 1591 2121 lons.
1607 2062 1801 2136 snpplicatio.
1814 2066 1941 2123 oremus

234 2162 312 2217 tuas:
338 2200 341 2206 .
1115 2152 1344 2225 Redemptorem
1352 2152 1630 2223 mundicapitato.
1644 2152 1943 2212 Dilectissimifratres

270 2248 304 2307 El
321 2244 472 2305 benedicti
485 2253 571 2305 erunt
579 2246 611 2305 in
623 2249 652 2305 te
662 2248 785 2304 'omnes
798 2244 851 2320 qui
860 2244 1011 2304 aedificant
1022 2247 1060 2315 te,
1114 2241 1167 2314 qui
1178 2240 1289 2299 omnia.
1299 2242 1415 2299 Laude.
1431 2240 1564 2300 Alleluia.
1577 2241 1735 2300 Laetabitur
1744 2243 1873 2302 deserta.
1890 2244 1944 2302 Be·

233 2337 266 2394 in
279 2338 433 2394 aebrnum.
1114 2331 1255 2388 nedictio.
1264 2331 1397 2389 Christus
1408 2331 1560 2400 Dominus,
1576 2331 1705 2406 quicum
1713 2332 1943 2407 Patrellcqaire

269 2426 350 2482 Tunc
365 2424 462 2496 gaude
473 2426 503 2482 et
514 2424 614 2483 letare
628 2440 699 2481 oum
712 2423 782 2482 tiliis
792 2424 953 2497 justorum,
966 2421 978 2447 ’
989 2422 1061 2499 quia
1113 2420 1170 2490 foi.
1186 2423 1220 2478 eo
1235 2424 1263 2478 et
1275 2420 1321 2478 to.

234 2528 340 2571 omnes
348 2512 531 2586 colligentur,
540 2517 569 2573 et
575 2511 755 2572 benedicent
764 2512 964 2572 Dominumin
977 2517 1061 2571 aeter·
1398 2506 1442 2565 la
1456 2508 1590 2567 Tertiam.

236 2617 321 2661 num.
1310 2595 1502 2655 Proverbiam
1513 2596 1854 2673 Salomoatstdapav).

272 2688 441 2763 Felicesqui
450 2686 1062 2763 diliguntte‘‚lelieesquigaudentinpacc
1152 2696 1184 2755 lt·
1201 2682 1397 2757 Dcogretias.

237 2779 298 2835 tua.
1152 2773 1213 2847 Fili,
1223 2773 1752 2849 Labiasapicntiumdisseminabunt
1765 2774 1922 2836 seientiam
1941 2792 1949 2837 t

271 2867 304 2922 Et
314 2862 413 2923 felices
432 2880 538 2923 omnes
550 2864 687 2924 homines
697 2865 749 2939 qui
764 2864 1020 2925 contristabuntur
1030 2864 1062 2923 in
1116 2862 1332 2921 corstultorum
1343 2864 1862 2941 dissimileerit.Viclimaeimpiorum
1872 2864 1949 2925 abo·

236 2953 1063 3026 omnibusDagellistuis,'quoniamgaudebuntetvide-
1116 2950 1274 3008 minabiles
1284 2952 1411 3011 Domino
1426 2956 1515 3012 :vola
1521 2954 1672 3028 justorum
1681 2953 1853 3029 placabilia.
1869 2954 1950 3013 lbo-

236 3040 313 3098 bunt
321 3057 411 3098 omne
424 3040 570 3112 gaudium
582 3046 668 3099 tuum
684 3042 715 3098 in
730 3040 848 3100 saeida.
1081 3078 1101 3136 C
1116 3041 1241 3100 minatio
1256 3047 1300 3100 est
1315 3044 1441 3101 Domino
1462 3042 1511 3102 via
1524 3044 1610 3118 impii
1626 3063 1632 3103 :
1647 3046 1700 3120 qui
1713 3044 1848 3121 sequitur
1861 3044 1950 3120 justi-

271 3129 379 3186 Anima
404 3144 471 3186 mea
500 3128 657 3186 benedicet
686 3129 847 3187 Dominum
870 3147 974 3204 regem
995 3148 1063 3190 ma·
1117 3129 1201 3196 tiam,
1211 3129 1449 3202 diligiturabeo.
1459 3133 1598 3192 Doctrina
1607 3131 1689 3194 mala
1698 3135 1844 3195 deserenti
1864 3135 1947 3194 nam

238 3233 342 3291 gnum,
354 3219 446 3291 *quia
456 3216 593 3275 liberavit
606 3216 800 3276 Hierusalem.
1116 3217 1184 3276 vitm
1196 3235 1202 3274 :
1214 3219 1268 3292 qui
1279 3221 1497 3294 increpationes
1508 3221 1579 3290 odit,
1592 3223 1742 3282 morietur.
1756 3225 1903 3290 lniernus,
1915 3227 1946 3283 ct

274 3307 306 3362 et
319 3305 630 3364 aedificabituriterum
640 3305 750 3364 domus
765 3308 839 3380 ejus,
854 3308 907 3365 'in
922 3306 1064 3366 omnibus
1116 3307 1243 3382 perditio
1253 3325 1356 3367 coram
1367 3307 1511 3369 Domino:
1525 3316 1638 3388 quanto
1652 3313 1751 3388 magis
1767 3313 1860 3372 eorda
1872 3313 1950 3372 fflio-

238 3394 541 3453 saeculissaeculorum
559 3393 750 3454 confitebitur
764 3397 965 3471 nominiregis
978 3398 1064 3455 caelo·
1116 3414 1184 3455 rum
1195 3397 1951 3478 hominumllionamalpestilenseum,quiseeor-

237 3500 316 3541 rum.
1117 3486 1187 3561 ripil
1202 3506 1209 3547 2
1222 3504 1276 3545 nec
1288 3489 1328 3545 ad
1339 3489 1487 3563 sapientes
1496 3491 1640 3564 graditur.
1651 3491 1950 3566 Corsapientieexhi·

274 3569 357 3628 Ostia
366 3570 549 3630 Hierusalem
564 3573 726 3646 smaragdo
737 3579 766 3633 et
779 3573 923 3649 sapphiro
937 3575 1064 3634 fabrica·
1117 3575 1193 3634 larat
1214 3577 1322 3635 iaciem
1335 3596 1342 3634 :
1354 3578 1387 3636 in
1400 3595 1528 3637 moerore
1547 3579 1640 3637 animi
1657 3579 1795 3654 dejicitur
1810 3581 1944 3657 spiritus.

237 3655 350 3715 buntur
365 3675 372 3715 ι
386 3662 397 3682 ·
411 3663 440 3716 et
452 3658 568 3732 lapides
582 3663 706 3734 pretiosi
715 3680 820 3721 omnes
835 3664 914 3721 muri
921 3664 973 3722 lui.
1119 3665 1178 3728 Cor
1198 3667 1340 3741 sapientis
1354 3671 1460 3743 quaerit
1477 3667 1663 3728 doctrinam:
1681 3675 1710 3729 ct
1732 3687 1767 3729 os
1783 3673 1945 3730 stultorum

273 3748 378 3803 Turres
387 3746 572 3804 Hierusalem
586 3765 660 3808 auro
675 3752 932 3824 aedificabuntur,·
951 3758 980 3813 el
995 3771 1064 3829 pro·
1118 3756 1251 3833 pascitur
1259 3757 1416 3831 imperitia.
1432 3759 1542 3817 Omnes
1556 3759 1620 3818 dies
1630 3761 1782 3835 pauperis.
1799 3761 1872 3820 mali
1885 3781 1891 3820 ε
1904 3778 1951 3820 se-

238 3835 412 3908 pugnacula
429 3835 495 3908 ejus
508 3852 582 3894 auro
594 3841 719 3898 mundo.
1119 3863 1190 3905 eura
1202 3864 1288 3904 mens
1301 3847 1389 3921 quasi
1398 3849 1471 3921 J'uge
1485 3847 1768 3908 conviviumlteliua
1783 3856 1827 3909 est
1837 3867 1949 3926 parum

275 3922 380 3982 Platea
394 3924 578 3984 Hierusalem
596 3928 746 3986 canticum
758 3929 866 3990 latitia
882 3931 998 4004 dicunt,
1014 3935 1065 3991 ‘et
1119 3952 1189 3994 oum
1199 3937 1303 3995 timore
1314 3937 1437 4006 Domini,
1449 3954 1544 4012 quarn
1553 3937 1686 3998 thesauri
1700 3937 1814 4012 magni,
1831 3939 1953 4000 etinsa·

239 4011 336 4069 ⁰¹¹¹ssi⁸
349 4011 431 4070 Vf⁰¹1⁸
445 4014 521 4087 05⁰³»
536 4013 670 4073 Alleluia·
1118 4023 1243 4084 tiabiles.
1260 4027 1362 4086 illelius
1376 4029 1537 4086 eatvoeare
1552 4026 1592 4086 ad
1610 4028 1691 4087 olera
1709 4043 1780 4086 enm
1799 4027 1950 4088 charitate

273 4101 449 4161 Benedictus
460 4104 614 4175 Dominus,
627 4103 679 4178 qui
689 4105 797 4165 exaltat
807 4109 1063 4180 te,etbenedictus
1118 4113 1254 4188 quemad
1262 4114 1950 4188 vitulumsaginetnmeumodio.i¹iriracundus

237 4189 269 4248 in
279 4193 421 4250 omnibus
432 4193 549 4250 saeculis
560 4194 740 4250 saeculorum
753 4197 1063 4270 :·quoniamintebe-
1117 4209 1262 4278 provocat
1281 4205 1361 4262 rixas
1378 4225 1384 4265 :
1400 4205 1453 4279 qui
1467 4205 1582 4280 patiens
1595 4211 1640 4265 eat
1657 4205 1773 4278 mitigat
1784 4205 1943 4265 excitatas.

237 4279 392 4336 nedicetur
404 4295 494 4338 omne
513 4286 652 4338 sanctum
666 4281 696 4339 in
711 4287 866 4342 aeternum.
1118 4293 1173 4349 ltcr
1182 4293 1343 4366 impiorum
1354 4294 1440 4367 quasi
1452 4310 1539 4368 sepes
1549 4297 1723 4369 spinarum:
1736 4295 1950 4369 siaiustorum

271 4365 514 4425 Matutinariam.
530 4369 713 4440 Antiphone.
729 4373 833 4431 Emitte
847 4375 945 4433 lucem
968 4381 1062 4452 tuam,
1078 4405 1102 4464 D
1118 4383 1234 4455 absque
1249 4380 1439 4440 offendiculo.
1454 4394 1487 4456 ip.
1503 4385 1608 4443 Amen.

237 4455 372 4523 Domine,
386 4456 573 4516 elveritatem
582 4463 676 4518 tuam.
686 4458 719 4521 t.
732 4465 855 4533 lpsame
862 4461 1061 4538 deduxerunt,
1206 4474 1303 4530 Lectio
1313 4471 1385 4530 iibri
1391 4474 1614 4534 Deuteronomii
1627 4476 1714 4552 (Gap.
1728 4491 1777 4548 vu,
1795 4475 1870 4552 riu).

236 4548 266 4603 et
277 4543 483 4619 perduxerunt
495 4546 527 4604 in
538 4551 640 4606 monte
653 4552 757 4608 sancto
768 4554 829 4609 tuo.
849 4549 955 4621 Gloria,
969 4559 999 4612 et
1007 4554 1062 4613 ho·
1153 4572 1185 4636 q.
1202 4561 1262 4618 Deo
1273 4563 1395 4634 gratias.

236 4649 293 4692 nor
309 4635 398 4709 Patri,
415 4637 472 4692 etc.
1153 4653 1185 4708 ln
1200 4649 1304 4708 dicbus
1318 4651 1374 4709 illis
1392 4669 1399 4710 :
1426 4655 1553 4712 Locutus
1568 4659 1612 4712 est
1636 4657 1750 4731 lloyses
1764 4653 1832 4714 filiis
1856 4656 1950 4716 lsrael

270 4724 384 4784 Lauda.
400 4725 503 4782 Omnis
518 4726 638 4800 spiritus
652 4726 753 4786 laubet
767 4729 960 4788 Domninum.
983 4727 1062 4789 Psoi·
1117 4739 1241 4798 dicens:
1259 4740 1336 4798 Audi
1355 4741 1456 4810 lsrael,
1469 4744 1611 4802 Dominus
1620 4746 1699 4802 Deua
1713 4749 1784 4804 tuus
1797 4741 1829 4802 in
1844 4745 1950 4804 medio

235 4827 301 4870 mus
311 4830 425 4873 cxnvtu.
1117 4828 1160 4886 tui
1172 4832 1224 4897 eat,
1242 4830 1320 4887 Deus
1341 4846 1473 4902 magnus
1486 4836 1514 4890 ct
1525 4831 1685 4892 terribilis:
1706 4834 1947 4908 ipseeonsumet

322 4903 421 4962 L⁶0²50
430 4903 500 4961 libri
506 4903 606 4965 3⁸05oe
616 4904 773 4977 PrOPlleloe
784 4908 869 4979 (Cap.
882 4913 988 4980 fflffli·
1115 4911 1253 4976 nationes
1267 4917 1324 4976 has
1338 4919 1369 4977 in
1383 4927 1547 4996 conspeetu
1562 4928 1613 4982 tuo
1627 4923 1774 4996 paulatim
1785 4929 1877 4998 atque
1891 4937 1951 4998 pec

270 4999 302 5061 ip.
317 4989 378 5048 Deo
390 4993 510 5063 gratias.
1115 5011 1227 5085 partes.
1239 5011 1303 5066 Non
1314 5010 1422 5082 poteris
1432 5010 1531 5070 delere
1540 5027 1592 5071 eos
1601 5012 1730 5084 pariterz
1740 5011 1862 5071 neforto
1870 5011 1950 5071 mul·

269 5076 338 5134 Haec
347 5078 419 5137 dicit
430 5082 576 5141 Dominus
590 5099 597 5141 ε
614 5083 719 5142 Audite
744 5102 792 5143 me
804 5085 877 5156 baee,
893 5084 1003 5144 domus
1015 5089 1061 5146 la·
1115 5095 1284 5171 tiplicenlur
1293 5103 1397 5157 contra
1407 5105 1433 5158 le
1445 5099 1548 5160 bestia
1560 5101 1806 5176 terraDubitque
1818 5115 1871 5159 eos
1887 5104 1950 5160 Do·

233 5164 291 5224 cab
300 5167 353 5242 qui
367 5170 517 5228 vocamini
531 5171 653 5230 nomine
667 5173 767 5244 lsrael,
785 5180 813 5234 et
825 5175 863 5233 de
879 5176 966 5250 aquis
980 5177 995 5232 J
998 5176 1061 5235 uda
1114 5185 1299 5243 minusDeus
1311 5187 1417 5245 tuusin
1428 5193 1590 5261 conspectu
1601 5194 1666 5248 tuo:
1679 5189 1867 5249 etinteriiciet
1876 5189 1947 5250 illos

231 5255 342 5325 existis,
356 5259 408 5332 qui
415 5257 524 5329 juratis
537 5262 567 5316 in
580 5263 703 5319 nomine
720 5265 836 5322 Domini
850 5266 949 5332 lsrael,
960 5283 1059 5323 recor·
1114 5274 1209 5331 donee
1223 5275 1344 5349 penitus
1359 5274 1472 5332 delebis
1485 5293 1546 5334 eos.
1562 5279 1668 5337 tradet
1690 5295 1776 5352 reges
1789 5295 1896 5338 eorum
1910 5281 1946 5339 in

232 5347 873 5426 damininoninveritatemequeinjustitia.
888 5356 1058 5414 Declvitale
1114 5364 1947 5438 manustuas,otdisperdasmemoriameorumsubeoelot

231 5435 312 5493 enim
325 5437 624 5508 sanctevoeatisunl,
636 5445 763 5516 etsuper
778 5444 971 5502 Deumlsrael
983 5461 1057 5502 con·
1112 5451 1213 5509 nullus
1231 5451 1338 5525 poterit
1354 5453 1488 5512 resistere
1508 5454 1569 5523 libi,
1595 5457 1692 5518 donec
1711 5462 1851 5518 conteras
1874 5473 1930 5518 eos

232 5523 354 5583 stabiliti
368 5528 439 5586 sunt
453 5541 462 5586 ε
480 5527 624 5588 Dominus
644 5529 829 5590 exercituum
853 5547 965 5592 nomen
979 5535 1056 5607 ejus.
1112 5539 1262 5615 sculptilia
1275 5556 1379 5600 eorum
1393 5537 1463 5613 igne
1478 5543 1637 5607 combures
1651 5564 1658 5606 :
1671 5542 1947 5622 noneonoupisees
