4117 6175
146 240 218 304 1177
689 231 935 294 sanctoniae.
953 246 989 278 -·‘
1008 232 1122 292 FESTA
1139 232 1306 296 AUGUSTI.
1789 241 1859 300 tlte

181 359 972 441 supplicatio.oremus,maintonominesoloaxxrrrr.
989 358 1012 415 a
1027 359 1060 415 P.
1076 360 1111 416 at
1133 358 1165 417 in
1185 359 1329 433 paradiso
1347 358 1523 417 deliciarum
1543 361 1704 421 constituet
1725 362 1805 423 illos.
1823 365 1855 428 a.

182 454 333 527 Capitale.
344 449 444 519 Adest,
458 448 593 514 Domine,
604 449 885 523 oculispraesentata
895 464 974 507 mor·
1028 446 1239 506 Clamaverunt
1245 447 1329 520 justi,
1342 452 1371 503 et
1379 446 1525 505 Dominus
1534 452 1684 509 exaudivit
1695 468 1747 510 eos
1760 456 1806 511 :et
1820 469 1857 511 ex

144 537 972 603 taliumclaraillaetenitenssolemnitaelnnoeentinm‚
1027 536 1169 593 omnibus
1188 535 1429 595 tribulationibus
1455 551 1560 595 eorum
1578 539 1718 599 liberarit
1738 558 1800 600 eos.
1822 546 1855 601 P.

142 635 175 691 in
189 648 252 707 qua
265 631 377 704 pignus
393 626 549 699 geminum
562 629 592 684 et
603 627 790 698 geminatum
803 626 972 684 dulcedinis
1027 624 1063 682 lit
1074 624 1105 680 in
1120 625 1274 698 paradiso.
1292 625 1324 689 l.
1340 624 1449 694 Gloria,
1471 632 1500 683 et
1513 626 1610 685 bonor
1624 629 1714 687 Patri.
1729 631 1762 689 P.
1778 633 1812 691 nt
1822 631 1854 688 in

142 721 290 781 lerculum
304 716 418 775 Coelum
429 716 539 773 intrare
550 719 681 773 meretur
695 733 702 770 ι
715 716 789 772 dum
803 713 884 773 clara
899 714 972 773 sibi·
1027 712 1183 785 paradiso.

145 814 206 867 met
231 808 371 866 societate
391 802 575 875 germanitas
594 806 623 859 et
641 802 673 860 ln
688 801 772 860 lusto
793 802 970 876 justissima,
1065 802 1179 863 Oratio
1190 803 1270 871 Vide,
1281 802 1416 873 Domine,
1433 807 1462 863 et
1475 803 1706 876 audigemeatis
1719 806 1855 865 Ecdesire

142 898 210 957 etin
221 896 343 955 Pastore
355 892 528 966 agnoscitur
537 892 685 966 pia;dum
695 892 855 951 charorum
866 908 919 951 ora
929 893 973 950 in·
1025 906 1218 967 uocemque
1235 907 1359 951 suorum
1374 893 1465 951 detlet
1483 894 1644 953 infantium
1655 910 1772 953 necem.
1788 899 1856 953 Esto

143 986 272 1045 lantiam
283 982 413 1042 invicem
427 996 458 1038 se
466 980 506 1039 ad
516 980 666 1055 passionis
674 980 802 1052 gloriam
814 980 972 1039 exhor-tan-
1027 995 1100 1053 ergo
1113 981 1154 1039 illl
1164 983 1336 1041 consolator
1345 983 1383 1040 de
1396 983 1476 1052 liliis,
1493 988 1546 1058 qui
1559 984 1690 1043 filiorum
1699 986 1858 1058 ejuspater

144 1080 204 1133 tur.
222 1072 265 1130 Da
280 1086 351 1143 ergo
364 1068 452 1126 uobis
465 1068 479 1123 J
483 1069 539 1125 usti
555 1068 596 1126 tui
606 1068 744 1141 precibus
755 1068 901 1140 iustitiam
914 1084 972 1127 ser·
1028 1073 1200 1142 agnosceris
1212 1090 1220 1141 ;
1230 1078 1263 1131 ut
1281 1073 1312 1131 in
1325 1081 1354 1131 te
1373 1078 1402 1131 et
1413 1074 1451 1132 de
1470 1074 1717 1149 interemptorum
1730 1090 1857 1133 numero

145 1177 216 1221 rare
231 1160 305 1218 dum
319 1160 461 1227 vivimus,
475 1163 502 1214 et
512 1157 639 1215 Pastoris
652 1158 837 1230 protectione
847 1159 973 1216 evadere
987 1150 992 1165 '
1028 1161 1167 1233 gaudeat,
1184 1166 1212 1221 et
1223 1163 1261 1220 de
1275 1164 1519 1221 adversariorum
1528 1164 1627 1223 redita
1640 1163 1811 1223 hilarescat.
1822 1175 1855 1235 la.

146 1250 229 1325 qaod
239 1250 381 1307 timemus
394 1268 401 1308 :
414 1250 447 1304 al
457 1244 595 1304 atlustus
606 1246 762 1317 iustitiam,
774 1262 867 1320 quam
879 1247 910 1304 in
920 1262 973 1305 no-
1028 1251 1137 1306 Amen.

146 1342 228 1398 mine
246 1340 354 1413 portat,
376 1336 407 1394 in
432 1333 665 1409 supplicantium
685 1334 797 1393 meritis
817 1334 973 1394 clariorem
1063 1340 1117 1395 Per
1127 1338 1366 1397 misericordiam
1381 1344 1475 1407 tuam,
1487 1344 1565 1398 neus
1573 1347 1685 1401 noster.

145 1428 297 1494 ostendat,
317 1429 347 1483 et
369 1423 684 1496 Paetor·benignitatie
694 1422 900 1496 gubernaculo
917 1440 973 1483 nos
1063 1438 1097 1500 ra.
1112 1427 1287 1485 Virlsancti.
1302 1430 1402 1495 Quare
1413 1431 1471 1501 sol.
1487 1446 1612 1488 caxrvra

145 1520 333 1593 protecturus
345 1514 474 1587 excipiat
487 1529 493 1569 :
508 1516 540 1571 ut
554 1518 583 1569 et
591 1526 645 1585 per
656 1513 863 1585 iustumjusti,
876 1517 905 1572 et
919 1529 973 1587 per
1065 1516 1319 1584 orotnraonos,
1330 1518 1465 1579 bomine.
1474 1518 1648 1578 innoeentes
1656 1523 1788 1577 etractus
1798 1518 1852 1577 tibi

144 1606 298 1664 Pastorem
313 1600 518 1675 gubernacula
536 1602 665 1677 pastoris
678 1602 789 1676 egregii
803 1616 973 1661 mereamur
1018 1620 1148 1679 semper
1160 1606 1315 1675 adsistere,
1323 1621 1385 1680 quo
1393 1610 1452 1665 tuae
1463 1608 1633 1666 rectitudini
1645 1623 1792 1682 compage
1806 1608 1851 1665 in-

143 1694 269 1753 introire
283 1692 373 1750 beati.
988 1708 1009 1765 Β
1025 1693 1196 1752 dissolubili
1214 1695 1402 1754 adhaerentes
1415 1711 1472 1770 pro
1489 1701 1519 1753 te
1533 1696 1701 1755 occisorum
1714 1694 1852 1772 parratio·

179 1783 265 1839 Pater
277 1785 386 1839 noster.
403 1780 438 1840 El
451 1794 490 1836 ne
506 1794 572 1837 nce.
589 1778 713 1837 Liberali
729 1794 748 1837 a
763 1780 856 1838 mdo.
871 1782 928 1852 sol.
944 1784 971 1837 2.
1026 1797 1095 1839 rum
1111 1798 1281 1841 mereamur
1299 1800 1364 1843 esse
1377 1783 1551 1857 participas.
1565 1796 1599 1858 ra.
1615 1786 1723 1843 Amen.

176 1869 360 1928 Benedictio.
377 1870 465 1940 Deus,
477 1866 530 1941 qui
538 1871 640 1940 justus
650 1872 810 1926 coronator
823 1870 972 1939 justorum
1063 1874 1116 1929 Per
1126 1870 1365 1932 misericordiam
1379 1878 1474 1931 tuam

142 1964 172 2018 et
184 1964 289 2035 pastor
299 1958 369 2031 pius
382 1960 426 2015 est
435 1956 618 2025 animarum,
634 1962 663 2015 et
672 1972 726 2031 per
736 1958 855 2015 iustum
865 1974 918 2015 vos
933 1958 972 2016 ab
1062 1970 1096 2031 p.
1110 1959 1308 2033 adigentibus
1322 1963 1419 2020 Deum
1433 1962 1537 2023 omnia
1546 1966 1746 2037 cooperantur
1756 1962 1788 2019 in
1797 1963 1854 2023 bo·

141 2046 286 2119 injustitia
305 2045 421 2115 liberet,
436 2048 465 2103 et
477 2060 532 2119 per
550 2044 702 2103 Pastorem
723 2045 851 2119 pastoris
866 2034 974 2104 Christi
1026 2062 1112 2117 num,
1122 2049 1169 2117 iis,
1182 2050 1607 2123 quisecundumpropositum
1617 2052 1667 2109 liei
1678 2051 1776 2110 vocati
1786 2057 1857 2110 eunt

140 2152 199 2195 vos
210 2134 394 2210 protectione
408 2132 579 2191 mnodfloet.
593 2144 625 2207 p.
648 2137 753 2193 Amen.
775 2135 831 2191 Per
851 2136 972 2192 lustum
1027 2136 1133 2195 sancti.
1149 2137 1182 2194 P.
1198 2139 1280 2205 Quos
1294 2139 1452 2213 prescivit,
1468 2139 1856 2214 etpraedestinavitcontor-

140 2224 311 2284 voselllclat
321 2222 708 2296 amatoreslustitlae,etper
719 2223 872 2282 Pastorem
883 2227 972 2297 pastu
1026 2240 1091 2283 mes
1102 2225 1167 2282 llari
1179 2226 1307 2297 imagini
1323 2228 1384 2284 Filii
1399 2227 1461 2285 Dei.
1476 2226 1509 2289 i.
1522 2230 1604 2295 tinas
1615 2227 1742 2295 vocavit,
1754 2228 1812 2285 tros
1827 2235 1856 2285 et
1882 2225 1884 2232 '

139 2330 195 2374 vos
208 2314 309 2371 loveat
319 2312 420 2385 glorie
433 2310 576 2369 inlicite:
591 2323 624 2384 p.
640 2316 743 2370 Amen.
759 2316 804 2381 tlt,
826 2312 898 2370 dum
910 2314 971 2385 jus·
1021 2314 1197 2386 jastilleavit
1212 2331 1310 2390 :quos
1331 2319 1432 2374 autem
1442 2315 1626 2388 justificavit,
1645 2320 1676 2374 et
1690 2315 1757 2375 illos
1770 2331 1854 2387 mag·

142 2403 206 2461 titia
215 2402 291 2459 lusti
303 2400 560 2460 commendabiles
572 2416 628 2458 vos
641 2400 741 2459 lecerit
752 2403 824 2472 Deo,
840 2402 971 2459 Pastoris
1024 2402 1164 2461 nificarit.
1180 2406 1211 2461 P.
1222 2402 1304 2475 Quos
1316 2403 1473 2478 prescivit.

140 2490 326 2565 gubernaclo
344 2489 470 2549 heredes
495 2490 670 2548 mereamini
689 2506 754 2548 esse
777 2491 809 2548 in
829 2490 914 2549 coelo.
935 2502 967 2563 lp·
1060 2491 1171 2549 Oratio.
1186 2492 1315 2563 Sanguis
1333 2492 1477 2551 innocens
1489 2497 1519 2551 et
1533 2492 1634 2565 iustus
1646 2491 1851 2551 innocentium

142 2584 251 2639 Amen.
272 2583 326 2638 Per
345 2580 585 2638 misericordiam
608 2578 702 2653 ipsius
717 2579 769 2636 liei
787 2580 893 2646 nostri,
912 2584 968 2639 eto.
1022 2577 1195 2637 animarum
1209 2578 1456 2637 indslossovoeis
1471 2580 1602 2638 clamore
1613 2586 1640 2639 ta
1654 2579 1784 2654 postulet
1793 2596 1850 2653 pro

181 2669 299 2728 Laudo.
311 2668 393 2727 Sicut
402 2667 588 2726 lillamunda
599 2666 883 2727 florueruntsauoti:
897 2668 970 2726 tlle-
1022 2666 1120 2739 nobis,
1136 2668 1291 2739 Unigenite
1306 2668 1392 2727 Pilius
1405 2670 1455 2725 llei
1467 2668 1581 2736 Patris;
1601 2684 1663 2742 quo
1675 2668 1734 2727 illic
1745 2683 1850 2725 nume-

137 2756 215 2816 luia.
230 2758 261 2813 P.
278 2759 312 2815 lit
325 2757 401 2815 odor
415 2755 465 2814 Dei
488 2760 615 2830 apparet
629 2768 719 2829 super
741 2755 818 2813 illos.
833 2756 968 2823 Alleluia,
1023 2755 1131 2813 rositas
1144 2754 1279 2813 fidelium
1290 2757 1465 2814 coronanda
1475 2756 1640 2829 perveniat,
1650 2755 1848 2829 ubiipsorum

136 2844 270 2904 alleluia.
283 2846 315 2908 ll.
330 2845 460 2904 Plantati
472 2846 504 2902 in
524 2845 616 2903 domo
632 2844 760 2912 Domini,
774 2844 806 2902 ln
820 2844 903 2903 atriis
917 2846 971 2904 do·
1023 2845 1196 2903 innocentia
1209 2850 1353 2904 coronata
1371 2847 1521 2920 perdurat.
1536 2856 1570 2918 ia.
1584 2849 1691 2904 Amen.

138 2950 209 2993 mus
222 2934 274 2991 Dei
288 2935 384 2993 nostri
404 2934 565 2993 florebunt.
583 2936 610 2990 P.
633 2936 669 2990 lit
688 2932 838 2992 odorlici.
855 2934 886 2997 li·
907 2934 972 2992 Glo'

136 3023 194 3093 ria,
210 3028 239 3081 et
250 3024 348 3082 bonor
359 3024 440 3081 Patri
455 3028 483 3081 et
494 3022 580 3081 tillio.
595 3023 626 3080 P.
645 3026 679 3081 lit
690 3022 768 3081 odor
784 3022 846 3080 bei.

1060 2934 1116 2993 Per
1128 2934 1377 2994 misericordiam.

1327 3025 1363 3082 ln
1382 3025 1547 3084 Laudibus.

175 3114 288 3172 Oratio.
313 3114 408 3172 indue
433 3129 500 3185 noe,
527 3113 663 3184 Domine,
685 3113 817 3172 candore
837 3113 968 3186 iustitiae,
1059 3113 1109 3170 Ad
1135 3113 1304 3171 Canticum.
1329 3115 1514 3187 antiplona.
1537 3117 1716 3182 Quaesumus
1739 3113 1852 3172 Sancti.

138 3202 200 3277 qui,
214 3219 270 3278 pro
294 3206 321 3261 ta
342 3203 448 3262 occisis
462 3203 611 3278 parvulis,
635 3203 650 3258 J
654 3206 754 3261 ustum
779 3207 808 3260 et
820 3203 970 3260 Pastorem
1025 3200 1191 3259 Canticum.
1205 3201 1350 3260 Dominus
1364 3204 1403 3261 de
1414 3205 1494 3262 Sina.
1503 3204 1551 3261 rtd
1559 3203 1750 3261 Benedictus.
1763 3204 1851 3261 Anti-

135 3296 313 3366 perpetuam
322 3291 442 3351 donasti
453 3292 757 3350 munerisclaritatem
772 3294 833 3357 rut,
842 3292 895 3365 qui
904 3290 970 3349 illos
1021 3292 1134 3362 phana.
1149 3291 1284 3348 Sanctiet
1293 3292 1432 3349 humiles.
1442 3293 1613 3349 Canticum.
1631 3291 1806 3348 Benedictus
1819 3307 1851 3348 es

135 3381 564 3456 permartyriumcandidatoe
575 3381 775 3453 supranivem
783 3379 969 3453 pulchriores
1023 3379 1151 3437 Domine
1165 3381 1255 3436 Deus.
1278 3381 1368 3438 Sono.
1387 3380 1439 3438 lira
1449 3381 1599 3452 jnstorum
1618 3383 1709 3437 reeta.
1724 3378 1845 3438 Lauda.

135 3469 286 3538 oondluis,
300 3485 414 3546 nosper
424 3469 645 3532 contessionem
656 3468 797 3546 purifices
810 3484 829 3527 a
842 3468 967 3527 delictis.
1024 3467 1458 3527 laudatedominumdecoelis
1470 3467 1754 3538 :Alleluiaalleluia
1764 3469 1851 3526 Psot-

1022 3570 1088 3614 mus
1102 3572 1218 3614 crunni.
1240 3557 1344 3625 Quare
1352 3559 1429 3630 {olio
1440 3573 1545 3616 curn.
1561 3556 1739 3628 Propbettn.
1754 3559 1850 3615 lusto-

1022 3658 1091 3702 rum
1106 3646 1216 3704 animae
1231 3645 1263 3704 in
1278 3662 1373 3705 manu
1386 3647 1534 3706 Deleant.
1550 3647 1653 3715 Quare
1663 3648 1723 3719 sot.
1742 3648 1848 3705 mxvii.

1023 3735 1167 3806 Hymnus.
1183 3737 1205 3793 0
1220 3736 1273 3792 Dei
1289 3750 1431 3810 perenne.
1447 3738 1642 3808 supplicatio.
1657 3736 1783 3794 oremus
1797 3737 1850 3793 lte-

1023 3822 1211 3898 demptorem
1224 3824 1331 3882 mundi
1343 3828 1505 3884 bominum
1522 3831 1670 3884 nostrum.
1693 3825 1798 3894 Quare
1816 3826 1849 3883 in

1026 3912 1155 3983 Vesperis
1168 3915 1415 3985 precedentibus.

135 3569 170 3630 ip.
185 3561 291 3616 Amen.

171 3647 227 3709 Per
240 3647 472 3712 misericordiam
486 3653 583 3718 tuam,
599 3649 678 3709 Deus
691 3653 804 3708 noster.

424 3739 468 3799 Ad
481 3739 677 3798 Matutinum.

171 3828 356 3902 Antiphone.
368 3831 411 3886 Da
424 3827 515 3885 noble
527 3826 660 3885 laetitiam
671 3825 810 3884 salutaris
821 3826 872 3884 tul.
883 3825 968 3884 Psal-

131 3933 202 3975 mus
217 3935 244 3975 n.
262 3919 374 3976 Oratio.
390 3916 491 3975 Redde
506 3916 604 3974 nobis.
621 3916 723 3983 Quaere
734 3917 792 3987 fal.
805 3929 898 3972 carru.
911 3916 971 3988 An,

142 4007 266 4077 ttptono
278 4009 303 4063 l.
318 4005 429 4065 Palma
443 4005 563 4065 luerunt
576 4004 607 4064 in
617 4002 759 4063 menibus
778 4003 967 4070 Sanctorum,
1062 4001 1249 4075 cogitatui)
1262 4003 1393 4061 tiliorum
1406 4003 1782 4074 neibcatissimesanguis,
1795 4002 1849 4077 qui

143 4096 205 4153 Pol.
222 4111 336 4154 oaxvlll.
1024 4105 1093 4150 cum
1106 4090 1212 4164 judicii
1228 4096 1363 4166 tempore
1373 4092 1574 4152 vindicaberis
1589 4111 1597 4162 ;
1621 4095 1689 4150 ante
1700 4091 1849 4165 judicium

180 4183 407 4257 Oratiollagno
417 4189 455 4253 tc,
467 4187 603 4250 Domine,
614 4183 746 4240 clamore
758 4183 969 4241 Sanotiomnes
1023 4196 1161 4238 succurre
1175 4181 1298 4255 populis
1312 4181 1510 4240 Christianis:
1526 4189 1567 4246 ut,
1577 4181 1651 4257 quia
1664 4196 1720 4255 pro
1735 4186 1763 4239 te
1775 4180 1849 4238 ultio

134 4271 476 4349 mirabiliterjmpatnnt,
486 4273 559 4333 dum
570 4272 714 4330 aldonem
725 4272 968 4346 persequentium
1023 4270 1193 4329 restituetur
1207 4285 1227 4328 a
1240 4270 1367 4329 llomino
1381 4270 1521 4339 inimlcis,
1536 4286 1589 4344 per
1608 4275 1638 4328 te
1655 4274 1848 4344 peecatorum

135 4377 200 4420 non
228 4359 350 4421 vocibus
374 4362 524 4437 corporeis
543 4360 710 4437 [cemanni
737 4358 790 4416 sed
811 4359 968 4417 desideriis
983 4393 1006 4452 D
1022 4358 1157 4417 remissio
1168 4359 1298 4418 donetur
1311 4359 1456 4417 omnibus
1472 4359 1658 4419 christianis.

136 4449 357 4524 prestolantur.
373 4454 406 4510 tlt
424 4451 493 4508 ideo
507 4451 647 4524 petimus,
664 4452 707 4518 ut,
719 4449 771 4522 qui
783 4447 900 4505 illorum
912 4463 968 4506 vo·
1058 4445 1145 4503 Pater
1155 4452 1266 4505 noster.
1280 4447 1406 4505 liberati
1420 4448 1540 4506 amalo.
1553 4448 1612 4521 tot.
1628 4452 1655 4505 a.

136 4553 189 4596 ces
204 4538 250 4596 sel
262 4538 410 4598 desideria
424 4539 550 4597 exaudis
570 4537 610 4594 ad
633 4542 747 4602 votum,
764 4536 967 4595 confitentium

135 4631 164 4685 te
180 4627 298 4686 anlmas
324 4644 386 4688 non
401 4627 525 4702 patiaris
545 4630 690 4687 aurnum
715 4625 844 4704 pertrahi
858 4626 898 4686 ad
911 4629 968 4684 tor·

134 4721 283 4777 mentum.
298 4729 330 4790 lp.
344 4720 452 4776 Amen.

171 4805 225 4862 Per
238 4806 472 4865 misericordiam
487 4809 584 4878 tuam,
595 4807 674 4864 Beue
693 4811 804 4866 noster.

171 4893 347 4966 Antiphone
358 4899 385 4952 2.
395 4897 429 4953 lll
439 4899 518 4954 sunt.
534 4895 587 4970 qui
600 4895 740 4954 mortales
751 4895 866 4953 tunicas
877 4895 967 4970 depo·

134 4986 270 5050 suerunt,
295 4982 328 5041 P.
352 4987 386 5043 Et
410 4985 612 5043 immortalem
637 4985 729 5042 vitam
749 4980 966 5057 sumpserunt*

133 5070 231 5130 modo
245 5079 438 5140 coronantur,
453 5077 483 5133 ei
497 5074 649 5146 accipiunt
669 5072 799 5147 palmas.
817 5071 848 5134 i.
862 5071 968 5130 Adhuc

133 5159 416 5235 multiplicabuntur
429 5163 459 5221 in
473 5168 593 5222 senecta
608 5161 694 5220 uberi
708 5179 714 5219 :
734 5167 763 5220 et
777 5161 966 5235 benepatien-

134 5253 180 5308 tes
194 5253 290 5307 erunt.
307 5252 337 5308 P.
365 5253 400 5309 lit
423 5251 626 5311 immortalem
645 5251 746 5310 vitam.
762 5250 796 5312 il·
818 5249 925 5324 Gloria,
938 5254 968 5310 et

133 5337 235 5398 bonor
246 5338 334 5399 Patri.
348 5341 381 5400 P.
400 5344 433 5400 ltt
443 5341 656 5402 immortalem.

172 5427 285 5487 Oratio.
297 5428 390 5488 lndue
400 5445 466 5500 noe,
477 5430 614 5503 Domine,
626 5435 660 5489 ut
672 5445 767 5502 supro
781 5430 813 5487 in
825 5430 962 5501 Vespere.

170 5516 348 5591 antiplona
363 5523 392 5581 ³.
407 5519 496 5580 Pilius
508 5520 683 5581 Deilaetalus
696 5519 962 5597 estsuperjustos3

1058 4536 1168 4592 lauda.
1187 4535 1649 4596 Sicutliliamundatlorueruut.
1664 4536 1844 4594 Benedictio.

1023 4621 1113 4690 Deus,
1138 4623 1190 4697 qui
1208 4624 1309 4696 justus
1323 4629 1490 4684 coronator.
1514 4627 1640 4700 Require
1659 4625 1692 4680 in
1714 4623 1847 4694 lapan

1021 4713 1266 4786 precedentibus.

1094 4909 1122 4955 rr
1147 4909 1231 4953 rasro
1250 4910 1346 4954 senari
1369 4911 1513 4953 saumurn
1531 4905 1724 4949 snmoraooru
1741 4907 1775 4948 ar

1360 4998 1504 5041 usarrnrs.

1315 5073 1366 5131 Ad
1379 5073 1549 5142 vaporum.

1056 5159 1173 5218 Laudo.
1189 5161 1288 5219 Glorla
1302 5161 1458 5219 ethonore
1473 5158 1622 5217 coronasti
1637 5173 1718 5225 eum,
1732 5157 1769 5215 P.
1788 5157 1847 5215 Do·

1020 5247 1102 5306 mine
1118 5265 1126 5306 t
1140 5247 1172 5310 i.
1181 5249 1310 5309 Gloriam
1323 5255 1353 5309 et
1362 5265 1506 5323 magnum
1520 5249 1660 5308 decorem
1673 5247 1847 5323 imposuisti

1019 5354 1111 5414 super
1122 5353 1203 5397 eum.
1216 5343 1246 5398 P.
1262 5341 1398 5399 Domine.

1056 5429 1201 5488 Dominus
1216 5429 1254 5488 sit
1266 5446 1397 5504 semper.
1414 5440 1451 5502 p.
1470 5433 1503 5489 aa
1516 5445 1586 5487 cum
1600 5429 1718 5503 spiritu.

1053 5519 1143 5581 Seno.
1153 5519 1304 5598 Dispersit,
1320 5524 1350 5580 et
1361 5519 1443 5580 dedit
1451 5518 1634 5596 paupenbus
1641 5517 1781 5580 alleluia:
1795 5517 1843 5593 ja·
