4117 6175
212 272 259 353 rei
831 244 1275 331 enevrrnrulteorerceu,
1856 263 1907 321 ree

244 418 351 477 Potens
366 404 422 481 est,
434 412 464 476 et
476 400 680 470 eetrirtuteu
703 400 834 480 regibus.
854 392 899 464 *el
922 385 1068 457 exaltare
1119 392 1151 460 ll.
1167 396 1202 453 Et
1214 390 1298 467 apud
1312 390 1458 452 Dominus
1471 390 1516 447 eet
1528 402 1643 447 merces
1656 383 1907 447 eorumelleluu.

210 518 306 563 cornu
320 490 423 560 Christi
442 498 499 555 sui.
1084 480 1219 540 Alleluia.

246 592 411 655 lleilerelur
424 584 606 657 Antiphone.
1118 567 1209 629 Ilicet
1220 565 1387 643 Presbyter.
1403 563 1548 627 Dominus
1562 564 1608 623 sit.
1619 559 1650 632 t.
1671 557 1706 623 Et
1720 579 1801 621 cum.

246 673 295 737 Ae
308 674 495 735 Benedictus.
506 668 692 742 reciperer.
716 660 883 725 Benedictio
911 650 1030 717 Domini
1119 646 1300 728 Antiphone.
1313 658 1348 715 lli
1367 660 1446 724 eunt,
1463 656 1517 729 qui
1526 657 1693 728 sequuntur
1700 668 1814 725 egnum
1834 669 1911 728 quo-

210 766 242 825 ln
255 762 422 824 mercedem
435 760 507 833 lusti
525 754 652 819 iestlnet.
1084 761 1215 821 cumque
1228 745 1336 804 ieritthi
1347 749 1418 802 sunt
1428 743 1522 821 empti
1529 758 1565 800 ex
1578 741 1753 802 hominibus
1769 740 1907 819 primitie

247 830 1028 912 cenllcumbenedlcttisesDominebenediceresold.
1085 829 1156 903 ileo,
1167 838 1195 891 et
1209 832 1377 905 Agnoplit
1388 833 1480 891 inore
1494 847 1598 889 eorum
1614 830 1736 891 nonest
1755 823 1910 890 inventum

244 940 375 999 Sonan
386 920 1031 1009 conspectullngelorumpsollemtibi‚Domi·
1083 922 1275 986 mendacium
1288 922 1450 996 :quonium
1466 915 1660 979 sinemecule
1675 919 1744 981 sunt
1762 919 1794 986 iq
1826 935 1912 982 cons·

210 1021 571 1095 ne,tlleluie.t.edornbo
584 1018 624 1079 ed
633 1020 779 1092 templum
788 1018 925 1093 sanctum
931 1016 1028 1078 tuum,
1082 1012 1170 1085 pecto
1184 1011 1235 1070 [lei
1248 1011 1304 1069 sui.
1319 1010 1351 1073 l.
1364 1010 1439 1068 lusti
1449 1026 1519 1067 vero
1531 1008 1745 1084 inperpetuum
1759 1005 1869 1081 virent,
1882 1014 1911 1066 et

211 1120 241 1176 et
264 1113 427 1174 confitebor
440 1110 555 1169 nomini
577 1114 639 1175 tue,
671 1088 811 1165 llomlrie'.¹
830 1090 862 1159 Ρ.
899 1088 1028 1158 esuum
1083 1095 1166 1172 apud
1178 1095 1518 1157 Dominumeelmerces
1532 1097 1683 1156 eorum.P.
1703 1098 1737 1155 et
1749 1096 1782 1155 ln
1798 1113 1858 1164 ore.
1873 1097 1908 1159 lt.

210 1202 277 1263 pbr,
1083 1186 1189 1244 Gloria.
1205 1187 1240 1244 P.
1253 1187 1288 1244 nt
1298 1188 1328 1244 in
1340 1202 1402 1245 ore.

245 1290 363 1349 boecler
389 1286 518 1346 bendete
545 1284 706 1343 Dominum
727 1278 765 1339 de
786 1274 1028 1339 utellsslllelnle.
1117 1271 1280 1335 naemei
1293 1282 1371 1342 sunt,
1386 1275 1439 1351 qui
1465 1291 1528 1335 non
1537 1274 1771 1348 inquinaverunt
1799 1276 1912 1333 restem

212 1380 342 1439 bendute
356 1380 426 1434 ebm
437 1377 468 1433 ln
480 1373 616 1433 excelsis.
631 1370 765 1429 Allelulu.
1086 1382 1174 1423 suem
1188 1383 1194 1422 :
1206 1381 1327 1423 meeum
1341 1361 1819 1437 ambulabuntinelbis,quonium
1827 1360 1914 1437 digni

246 1468 314 1527 rec
328 1454 1030 1532 beedc.Allelnle.Conlessioe1uesuperomlntn,
1087 1456 1167 1513 sunt.
1183 1450 1912 1528 P.thuioumquevicerit,eicvestieturdlleluie.

212 1544 872 1622 eterrem.rlle1uie.nru1rublroernupopull
886 1544 942 1603 errl.
958 1542 1033 1601 elle·
1086 1544 1172 1601 veste
1186 1542 1325 1601 candida.
1351 1542 1486 1601 Alleluia.
1500 1540 1637 1601 Alleluia.
1664 1539 1798 1597 Alleluia.
1822 1540 1854 1601 it.
1879 1538 1914 1597 Et

211 1645 282 1703 luie.
298 1645 330 1708 ll·
346 1644 481 1716 liymnus
494 1645 539 1699 est
552 1640 693 1698 omnibus
716 1636 830 1696 eunctis
856 1634 932 1707 ejus.
960 1631 1034 1689 Alle-
1088 1630 1292 1689 clamaverunt
1300 1627 1419 1703 iustiad
1429 1629 1674 1694 Dominum,cum
1682 1626 1909 1685 tribularentur:

213 1734 291 1791 lule:
302 1733 439 1789 Peclmee
446 1742 556 1787 cxnsru.
1052 1745 1075 1801 B
1088 1720 1127 1779 de
1137 1719 1381 1777 necesssiteebus
1400 1734 1505 1776 eorum
1520 1733 1600 1791 saepe
1611 1716 1814 1775 liberaviteos.
1827 1708 1863 1773 P.
1878 1714 1914 1773 Et

265 1820 363 1878 motio
375 1817 444 1876 llere·
456 1816 621 1888 sapientie
630 1814 795 1873 &obuncis
806 1810 894 1883 (dep.
918 1809 958 1881 r).
1089 1809 1283 1883 quicumque.
1301 1808 1334 1871 ll.
1349 1807 1458 1865 Gloria.
1474 1808 1506 1864 P.
1519 1805 1761 1883 etquicunque.

250 1920 285 1979 p.
304 1908 365 1964 lleo
380 1904 500 1977 gratias.
1429 1896 1580 1966 Hymnus.

250 1989 931 2069 Sapientiujuetumdeduxitpervluerectus,et
940 1982 1037 2041 osten·
1213 1986 1292 2043 Deus
1301 1986 1485 2050 cunctorum,
1500 1980 1667 2056 psallimus,

212 2083 256 2145 dit
269 2083 311 2141 illl
328 2096 456 2154 regnum
469 2080 531 2147 llei,
547 2083 577 2138 et
589 2078 671 2137 dedit
681 2078 722 2135 illi
734 2075 889 2135 edentium
914 2074 1036 2131 ssnoto-
1179 2074 1285 2133 curren
1298 2076 1439 2131 canentes
1453 2071 1589 2145 premio,

190 2200 192 2210 ν
211 2168 476 2232 remehoneeterlt
496 2165 622 2225 illumin
648 2164 814 2229 laboribus,
832 2166 861 2221 et
875 2158 1037 2233 complevit
1178 2162 1347 2229 Qmsnnclo
1358 2161 1459 2234 lurgus
1475 2160 1585 2236 Spiritu

211 2257 332 2316 lubores
346 2257 472 2319 illius.ln
486 2254 591 2317 frende
603 2251 897 2317 circumvenientium
904 2245 1037 2305 illumui·
1178 2246 1381 2326 Triumphum
1397 2246 1480 2306 dedit
1489 2243 1631 2322 parvulis,

211 2345 308 2415 fullei
320 2345 480 2407 honestum
489 2342 573 2401 illum
584 2340 832 2423 incit.custodlvit
841 2337 927 2395 illum
937 2334 1035 2395 ubiui-
1216 2336 1271 2418 57
1287 2338 1328 2395 Ex
1343 2353 1395 2395 ore
1408 2335 1700 2415 quoqueinicntluin

211 2431 307 2503 micis,
323 2436 352 2499 et
364 2449 383 2491 c
395 2423 602 2494 seductoribus
616 2422 723 2495 tuterit
735 2428 833 2501 illum,
842 2428 872 2485 ei
884 2428 1036 2483 certamen
1177 2425 1403 2485 Perfectulende
1419 2426 1548 2496 Domini,

211 2521 334 2581 tortium
346 2506 477 2580 dedititii
491 2519 674 2591 utrincerel,
689 2514 1037 2591 etsoiretquoniumom-
1176 2516 1283 2573 lbtum
1297 2518 1403 2589 potens
1417 2514 1450 2575 in
1459 2514 1601 2572 omnibus

212 2610 297 2670 nium
305 2609 454 2685 potentior
467 2610 511 2668 est
521 2606 676 2685 sapientie.
691 2606 759 2665 fleo
769 2604 903 2663 vinctum
915 2603 1034 2676 justum
1177 2607 1262 2663 Artes
1271 2603 1417 2662 destruxit
1426 2602 1538 2662 Zubuli.

211 2713 273 2757 non
283 2689 450 2772 dereliquit,
465 2694 519 2753 sed
532 2694 768 2771 epeccatoribus
775 2678 915 2754 liberavit
926 2688 1010 2748 illum
1026 2704 1034 2743 z
1212 2694 1268 2762 Qut
1282 2699 1414 2752 mentem
1427 2693 1506 2765 regis
1515 2690 1599 2767 impii

211 2786 365 2845 deseendit
378 2784 690 2852 cumeoinloreem,et
703 2782 735 2841 in
748 2778 875 2839 vinculis
884 2774 1034 2837 nondere·
1176 2782 1312 2842 Virorum
1327 2796 1420 2855 egens
1435 2782 1574 2852 stimulis,

209 2862 295 2950 liquit
303 2874 397 2942 illum,
417 2874 513 2932 donec
535 2870 653 2932 afferret
665 2870 707 2930 illi
722 2874 875 2946 sceptrum
895 2868 989 2942 regni,
1005 2871 1036 2924 et
1177 2872 1272 2930 ileum
1285 2884 1447 2945 regemque
1457 2869 1619 2928 llominnrn

208 2964 375 3043 potentium
388 2962 601 3029 edversuseos.
617 2962 670 3037 qul
683 2975 754 3023 eum
765 2956 975 3032 deprimebant
988 2972 994 3011 :
1005 2959 1036 3013 et
1176 2960 1266 3018 Posse
1280 2959 1434 3033 persuasit
1447 2958 1567 3033 pedml.

208 3051 370 3110 mendaces
383 3042 522 3120 ostendit,
532 3041 586 3123 qui
596 3045 822 3111 maculaverunt
831 3040 1036 3116 eumetdeuit
1054 3092 1076 3152 G
1212 3049 1290 3123 lluqi
1308 3052 1475 3123 sequuntur
1487 3043 1619 3107 indicetn

208 3126 430 3196 illioleritctem
442 3136 599 3206 eternum,
615 3147 648 3208 le.
667 3137 772 3197 Amen.
1176 3135 1565 3206 Dnccntlsieciemeiderls,

244 3223 440 3298 limenelste
450 3219 561 3282 electus
579 3221 740 3283 lohannes.
761 3221 865 3294 nuere
882 3235 977 3294 supra
1002 3221 1035 3277 in
1175 3227 1247 3294 Quor
1264 3230 1333 3284 ortu
1347 3226 1395 3284 eni
1404 3224 1530 3283 luminis

214 3301 297 3389 vesp.
315 3311 373 3386 sol.
383 3303 429 3370 54.
444 3308 641 3386 snpplicatio,
656 3309 806 3384 utsupra.
1176 3317 1294 3373 AEterno
1308 3313 1434 3372 serviret
1445 3314 1522 3387 regi.

244 3401 390 3548 desitum.
409 3375 542 3469 ‚desistes
557 3388 1034 3543 lleiFiliue,ffl1iteprinoipium,
1211 3403 1460 3462 llerodesnetum
1473 3401 1580 3460 metuit

208 3507 269 3566 quo
306 3491 424 3562 ipsese,
440 3489 471 3546 ln
485 3503 536 3546 ore
551 3491 610 3546 ete
622 3482 721 3544 dilecti
756 3473 871 3560 'scipuli
887 3485 928 3546 ite
939 3483 1034 3542 confi-
1176 3490 1560 3562 nepemludeedebitnm

210 3579 265 3638 teri
279 3577 399 3646 dedisti,
410 3581 444 3639 ut
456 3576 526 3638 illuc
535 3592 587 3636 cor
598 3571 920 3651 ejurassenderetquo
931 3571 1034 3632 nullus
1175 3581 1209 3636 ln
1223 3593 1286 3652 que
1296 3583 1438 3637 externus
1451 3586 1560 3651 genere

208 3653 285 3723 elius
295 3651 438 3723 valuisset
449 3707 457 3734 ,
469 3666 517 3723 luc
530 3681 587 3723 nos
596 3665 640 3722 tui
649 3654 782 3724 muneris
795 3665 949 3738 gratiucor
957 3679 1036 3724 eem-
1177 3667 1300 3725 succedi
1313 3667 1440 3726 timebat
1457 3667 1526 3725 sibi.

206 3769 261 3832 per
274 3753 306 3814 tn
317 3753 454 3829 supernis
467 3753 578 3815 bebere
590 3771 596 3810 :
607 3754 760 3822 ut‚exinde
771 3751 1036 3838 cupientesverite-
1208 3756 1322 3815 ildieto
1331 3757 1400 3814 otell
1413 3756 1521 3830 posito,

208 3830 440 3899 tisomnimodee
459 3827 665 3914 disciplinam,
680 3840 765 3917 quod
780 3827 1035 3916 breprofessitue-
1176 3844 1434 3916 Heglsinterrem
1447 3843 1569 3902 territus

206 3931 302 4003 rimus
316 3945 352 3995 ex
363 3945 424 4000 ore,
436 3929 536 4014 tuturo
548 3931 965 4003 consequamurinmunere
1175 3933 1410 3992 lotiueeeusum
1426 3933 1527 3991 result

241 4019 328 4077 Peter
342 4022 454 4076 nester.
468 4017 597 4076 Liberali
611 4033 630 4076 e
647 4017 741 4076 mulo.
756 4019 813 4089 fol.
838 4021 865 4074 2.
1175 4024 1278 4082 (leem
1288 4024 1407 4096 ignoret
1419 4022 1568 4082 umbiene

240 4107 355 4175 baudo.
371 4105 587 4172 nermirubuut
597 4106 1029 4181 ossstueeeuecictbcnris-
1210 4112 1373 4186 verbisque
1390 4112 1473 4172 mitis
1485 4111 1619 4186 primum

206 4183 254 4252 tus
267 4195 421 4263 Dominus,
440 4190 656 4269 quidileotum.
676 4186 737 4265 sol.
757 4192 801 4252 bl.
1174 4199 1387 4260 deuderemse
1403 4200 1537 4270 mulus,

240 4283 405 4348 innomine
420 4282 548 4350 Domini·
1173 4287 1377 4346 ledereturum
1395 4287 1542 4360 mulcens

209 4361 243 4428 tn
270 4361 454 4443 tellslolln
482 4361 683 4454 percellunt,
714 4367 789 4444 SIVE
822 4370 1068 4476 SANCTORUMD
1173 4376 1283 4434 Netum
1293 4376 1421 4448 regressi
1434 4379 1468 4432 ut
1475 4373 1637 4447 prodeunt.

479 4450 732 4546 INNOOENTIUM.
1207 4462 1503 4536 Sedpoetquemlleo
1516 4461 1634 4530 moniti,

504 4547 548 4606 Ae
570 4542 718 4622 vesperos.
764 4630 766 4632 Ι
1171 4550 1340 4613 oensem
1353 4551 1497 4610 erenuit:

238 4638 355 4706 Laudo.
375 4639 516 4700 Exortum
538 4640 583 4696 est
602 4635 634 4696 in
654 4633 785 4697 tenebris
809 4635 913 4701 lumen
940 4636 1028 4699 rectis
1172 4642 1411 4701 lmmcnetentet
1423 4639 1550 4710 lucinus,

204 4729 311 4786 eorde:
328 4727 506 4796 misericors,
523 4730 553 4784 et
565 4725 721 4785 miserator
742 4723 898 4784 Dominus.
919 4723 954 4792 lt.
979 4726 1031 4788 Di·
1173 4727 1441 4800 Cunetieiqnetum
1455 4727 1583 4789 secubs

202 4819 316 4877 rectum
329 4815 397 4874 lecit
409 4816 491 4878 viem
503 4815 697 4888 justorum‚et
703 4814 885 4890 preparavit
894 4815 949 4875 iter
959 4829 1025 4876 sen·
1208 4817 1357 4879 Gbrielum
1370 4817 1539 4877 Bethlehem
1556 4816 1695 4880 audieret

204 4906 333 4962 olerum.
343 4907 373 4959 P.
390 4904 561 4962 lliserimrs.
700 4979 702 4985 Ι
1172 4905 1279 4962 nivino
1292 4906 1377 4967 nauci
1387 4905 1520 4979 mecum,

238 4989 326 5048 Dicat
340 4985 663 5064 cressementum
678 4986 719 5052 eit
731 4992 894 5065 semperu.
903 4993 1026 5054 Etcum.
1172 4989 1258 5049 Urbis
1270 4990 1374 5053 cudite
1388 4992 1521 5060 nomine,

237 5079 317 5140 Seno
329 5079 485 5145 iustorum
497 5081 606 5142 enimae
618 5080 649 5140 in
662 5095 757 5143 menn
765 5079 819 5138 Dei
828 5083 907 5151 sunt.
922 5085 952 5142 et
964 5097 1028 5141 non
1170 5075 1296 5138 Perente
1307 5095 1370 5156 quo
1383 5079 1514 5138 nescitur
1524 5077 1657 5138 nescius.

202 5167 384 5242 tnngelilloe
401 5171 585 5250 ‚ermonem
608 5169 724 5230 mortis.
745 5164 879 5231 Alleluia.
906 5167 937 5232 i.
966 5171 1026 5230 visi
1214 5170 1367 5254 descende
1379 5173 1498 5244 tempus
1516 5168 1706 5241 computans,

203 5261 272 5315 sunt
284 5258 315 5315 in
327 5256 421 5315 oculis
433 5256 638 5330 insipientium
648 5257 735 5326 mori,
749 5257 944 5316 estimeteest
963 5275 1026 5318 me·
1170 5255 1407 5314 inlrebimetum
1417 5271 1539 5330 pueros,

201 5344 542 5409 litieexitusillorumzilli
555 5349 655 5407 eutem
667 5349 737 5409 sunt
750 5346 782 5403 in
796 5343 1019 5420 peoeelleluiu.
1169 5343 1294 5410 lienum
1305 5347 1408 5417 reptos
1421 5345 1461 5402 eb
1475 5342 1629 5416 uberibus,

238 5435 326 5493 Dicat
338 5433 652 5506 Presbyterllominus
663 5434 700 5491 eit
715 5450 843 5514 semper.
853 5433 885 5502 i.
901 5423 1023 5502 itcum.
1169 5429 1375 5508 Nocerejubet
1392 5432 1515 5516 impius.

237 5511 803 5596 Seco.blleluiu.lustlinperpetuum.
1222 5523 1302 5588 Quo
1315 5521 1404 5579 testes
1418 5516 1474 5578 sibi
1488 5518 1632 5580 Dominus
