4117 6175
274 264 329 338 tu
837 258 842 267 ’
914 254 1358 333 srnvnnoroornevn.
1902 270 1944 341 q

277 398 388 460 ciendi
402 395 661 475 aurepiecidecitc
671 416 678 469 3
687 395 716 458 ei
728 398 1100 473 gemitumedtebdecree·
1114 398 1138 457 11
1153 394 1270 474 cipibus
1279 396 1941 480 tribuumvirgasduode'diutetunlbtdujttique

277 492 352 551 turre
361 489 451 549 tellus
463 486 764 562 tumPitlailegelio.
1153 504 1257 547 nomen
1265 488 1471 564 superscribes
1483 488 1575 560 virgas
1584 496 1761 549 suaesnomcli
1769 493 1856 550 euteln
1864 493 1941 553 lama

315 580 428 637 Oratio.
443 576 507 635 Tibi
520 579 656 645 Domino,
669 578 786 653 petiens
800 584 845 637 est
858 578 961 637 anime
982 580 1098 651 nestre;
1153 578 1243 636 eritin
1259 579 1336 636 tribu
1351 576 1429 645 Levi,
1446 580 1475 635 et
1485 579 1764 650 uncvirgeeunctas
1777 578 1941 641 eorumiani·

278 666 724 740 aquoetririutemtolerautim,
736 672 765 724 et
778 668 938 741 praemium
957 664 1099 740 concupi·
1152 666 1208 725 lias
1216 667 1380 725 continebit
1394 682 1565 741 :ponesque
1574 682 1626 725 eas
1639 669 1670 725 in
1680 668 1859 726 tabernaculo
1870 670 1941 728 iada·
2016 720 2017 753 q

279 755 334 813 scit
340 758 474 830 accipere
486 772 493 812 :
507 760 561 814 tua
571 770 642 828 crgo
663 772 820 831 supernos
835 754 1047 822 misericordia,
1062 755 1100 813 si·
1153 754 1193 813 ris
1207 771 1309 813 coram
1331 754 1509 822 testimonio,
1529 754 1580 813 ubi
1594 756 1702 831 loquor
1713 756 1751 815 ad
1763 760 1808 815 ie:
1828 774 1904 831 quem
1917 774 1944 816 er
2016 762 2017 801 1

278 850 327 902 cut
341 859 508 918 speramus,
531 844 604 904 liat:
629 850 740 919 tuaque
765 858 822 907 nos
840 844 935 918 gratie
955 848 1100 902 consueta
1152 844 1199 901 his
1212 844 1339 914 elegero,
1355 843 1535 911 germinabit
1549 847 1634 916 virga
1652 845 1716 917 eius
1732 848 1778 904 ret
1796 844 1945 905 cohibebor
2016 852 2017 913 1

277 934 450 1008 praeveniat.
1153 948 1202 991 me
1214 933 1419 1009 querimonias
1433 932 1563 991 liliorum
1574 932 1792 1008 lsrae1‚quibus
1803 940 1895 993 conus
1905 952 1945 993 ros
2016 986 2017 991 ,

313 1019 809 1091 paternoster.imatonoslicara,
822 1026 877 1082 etc.
888 1022 1053 1093 Queresot.
1068 1024 1101 1080 lb
1154 1024 1593 1097 murmurentlocutusqueast
1607 1020 1841 1098 lloysasaddllcs
1856 1024 1944 1082 isreel:

313 1110 497 1171 Besedicts'o.
511 1112 612 1177 Quare
625 1114 656 1169 in
679 1110 821 1179 Tertium,
845 1128 911 1189 ques
931 1112 1102 1185 dieiturper
1154 1112 1333 1171 sidedertiut
1343 1110 1369 1169 el
1380 1126 1486 1169 ornnes
1495 1112 1644 1186 principes
1660 1113 1815 1187 virgespai
1836 1112 1947 1186 singulis

279 1201 500 1258 totumomrrsm.
1154 1198 1946 1275 tribusneruntrirgsduodecimabsquevirratsror.
2016 1250 2017 1257 ,

592 1285 642 1347 le
656 1290 786 1348 Senium.
1154 1292 1236 1359 Quas
1249 1293 1317 1348 cum
1329 1288 1478 1366 posuisset
1489 1290 1603 1365 ld'oyses
1614 1295 1716 1348 coram
1731 1288 1853 1348 Domino
1872 1290 1898 1346 in
1916 1293 1948 1346 ta·
2016 1292 2017 1313 ¹

347 1370 444 1436 Lectio
455 1365 527 1436 liert
537 1378 636 1437 Erote
663 1377 821 1451 Propasta
831 1378 1027 1452 (dopmnis).
1152 1372 1316 1437 bernaculo
1330 1376 1490 1436 testimonii
1507 1400 1514 1435 ε
1529 1377 1670 1453 sequenti
1685 1378 1734 1437 die
1749 1377 1949 1449 egressdiinr'e-
2016 1368 2017 1429 i

312 1475 345 1537 re.
360 1457 421 1524 lieo
436 1461 557 1537 gratias.
1153 1468 1197 1525 nit
1210 1467 1394 1540 germinasse
1409 1467 1526 1538 virgam
1538 1464 1846 1524 Aaronindcmobevl
1857 1468 1949 1533 rettur-
2016 1504 2017 1507 ,

311 1551 379 1611 iiiec
391 1548 462 1611 dicit
471 1548 616 1613 Dominus
630 1554 778 1614 sllulleres
785 1554 935 1630 opulentae
945 1553 1101 1628 surgiteet
1153 1556 1289 1630 genubus
1304 1557 1432 1628 gemmis
1453 1558 1611 1629 eruperunt
1624 1553 1725 1620 lieres.
1749 1554 1800 1630 qttt
1817 1552 1950 1612 lollsdiln·

275 1638 493 1701 cuditevucetn
505 1644 1100 1720 maam;fflicconndentsrpsrclpitenu·
1153 1646 1221 1704 tatis
1237 1644 1633 1717 inamlgcolasnelormsta
1648 1646 1728 1702 sunt.
1751 1640 1865 1701 Protulit
1894 1650 1949 1713 sige

274 1728 358 1790 ribus
368 1729 522 1805 eloquium
538 1745 651 1791 meum.
662 1732 804 1793 Postdies
814 1739 842 1792 et
854 1750 963 1800 annos,
989 1734 1018 1793 et
1044 1746 1099 1792 scs
1115 1730 1138 1813 §3
1152 1736 1266 1811 licyses
1281 1745 1382 1791 omnes
1392 1734 1494 1807 virgas
1504 1734 1541 1791 de
1555 1728 1882 1807 conspectuliomiiriad
1894 1740 1950 1787 cun·

274 1820 496 1879 conturbamini
508 1822 708 1885 confidenter:
724 1828 935 1882 consummate
951 1828 995 1882 est
1018 1823 1098 1881 enlm
1152 1828 1215 1882 ctos
1228 1815 1949 1899 iilicsisrael:videruntque,etreceperuntsingu·
2016 1832 2017 1883 ;

272 1907 578 1974 vindemie‚ccllectio
592 1910 671 1969 ultra
682 1927 743 1970 non
757 1913 866 1972 veniet.
880 1912 1097 1987 obstupescite,
1151 1912 1172 1971 li
1185 1913 1286 1987 virgas
1301 1925 1381 1971 sues.
1397 1912 1473 1971 tilxit
1483 1912 1674 1969 Dominused
1690 1910 1825 1985 lioysenr
1839 1910 1950 1966 deverta-
2016 1902 2017 1989 i

273 1996 887 2071 cpulentae,conturbabimintconfidenter
902 2022 909 2063 ι
924 2001 1096 2073 excitares,
1152 2004 1293 2074 turvirgi
1311 2004 1408 2060 Aaron
1434 2000 1465 2058 in
1492 2000 1726 2059 tebemaculutn
1748 1996 1903 2067 testimoni,
1925 1998 1950 2052 ιι

271 2085 1098 2165 etconfundimini.eccingitelumbossestros.superube-
1151 2092 1327 2151 'secretoria
1342 2090 1774 2164 signumrebellitrmdlioruin,
1788 2086 1950 2163 etquieseant
2016 2070 2017 2153 ff

271 2173 559 2252 raptmrirs,snper
572 2179 693 2249 regione
713 2178 916 2251 desiderabili,
932 2195 1021 2254 super
1034 2181 1098 2238 vin·
1152 2173 1279 2261 querelas
1297 2192 1402 2239 eorum
1416 2180 1575 2238 adversum
1592 2194 1705 2247 mene
1734 2180 1896 2237 morientur.
1912 2176 1950 2231 ie
2016 2178 2017 2255 i

272 2279 309 2322 ca
322 2263 419 2323 lesbii.
429 2266 656 2341 Superbumum
667 2266 767 2341 populi
782 2269 1098 2343 meispinreetvepres
1151 2270 1250 2344 aitque
1264 2265 1657 2344 lloysesslcutpieeoeperet
1668 2264 1950 2328 Damioneiiiserunt
2016 2258 2017 2317 1

2016 2384 2017 2417 1

2016 2424 2017 2457 1

271 2354 435 2413 escenderit
445 2374 452 2412 :
463 2361 579 2430 quanto
589 2359 784 2432 magtssuper
794 2374 898 2417 omnes
912 2359 1099 2431 domcsgeu·
1153 2364 1252 2416 cutem
1264 2356 1315 2414 lilii
1325 2356 1463 2415 lsraeled
1476 2358 1599 2430 ltoy'sen
1615 2376 1622 2419 ε
1640 2358 1718 2414 Eece
1734 2352 1891 2426 consumpti
1914 2359 1950 2406 lu·

271 2442 315 2501 dii
329 2443 644 2503 civitatisexultentisi
656 2448 769 2504 Domus
784 2447 866 2505 enim
891 2447 1016 2506 dimisse
1040 2451 1096 2521 est,
1151 2459 1229 2513 mus,
1242 2458 1347 2503 omnes
1356 2445 1539 2519 perivimus:
1558 2446 1747 2519 quicumque
1769 2440 1899 2502 accederit
1919 2438 1950 2496 ed

272 2530 433 2589 multitudo
446 2532 531 2589 urbis
546 2532 687 2591 derelicta
694 2540 750 2603 est,
765 2534 897 2593 tenebre
911 2540 941 2593 et
963 2535 1098 2610 palpatio
1151 2534 1379 2593 tubernaculum
1396 2534 1524 2605 liornlni,
1538 2535 1684 2593 morietur
1702 2552 1708 2592 :
1724 2538 1795 2591 nunt
1817 2534 1899 2605 usque
1915 2526 1950 2584 in

273 2632 365 2693 super
383 2619 561 2694 speluncam
575 2622 607 2679 in
621 2628 778 2682 eternum.
806 2624 953 2683 Gaudium
970 2640 1099 2697 onagro·
1152 2624 1352 2682 terdecidnent
1365 2622 1586 2682 cunctidelendi
1595 2623 1727 2682 sumus?
1739 2622 1861 2697 Dixitque
1870 2614 1950 2675 Domi-

271 2723 340 2765 rum
352 2724 469 2783 pascue
481 2724 619 2783 gregum,
631 2711 728 2770 donec
742 2713 915 2771 effundatur
927 2729 1018 2787 super
1042 2730 1098 2773 nos
1152 2710 1364 2771 nusadiiaron
1379 2730 1386 2779 ς
1402 2708 1453 2786 Tu,
1473 2710 1563 2770 etlilii
1577 2710 1630 2777 tui,
1646 2713 1674 2769 et
1689 2712 1797 2771 domus
1822 2707 1899 2784 petris
1912 2703 1946 2759 tui

271 2796 393 2871 spiritus
406 2799 444 2856 de
458 2800 578 2859 excelso
593 2802 706 2859 :eterit
717 2800 869 2861 desertum
880 2804 910 2859 in
935 2802 1054 2872 cermel.
1071 2808 1099 2862 et
1152 2807 1261 2870 tecum,
1277 2801 1432 2877 portabitis
1441 2800 1629 2875 iniquitatem
1644 2798 1808 2859 suboluerit
1822 2814 1828 2866 t
1842 2800 1866 2855 et
1877 2800 1904 2853 tu
1925 2794 1949 2849 et

270 2886 378 2945 cermel
396 2887 429 2945 in
442 2888 555 2947 saltum
567 2890 765 2963 reputabitur.
781 2894 814 2947 ut
825 2890 974 2949 habitavit
985 2892 1016 2949 in
1027 2892 1097 2950 soli·
1151 2890 1205 2949 tilii
1219 2890 1271 2963 tul,
1285 2889 1372 2949 simui
1384 2889 1568 2947 sustinebitis
1582 2880 1950 2963 peccetasaeetdctiirestii:

269 2973 849 3047 tudinejudicium,etjnstiusincermel
863 2979 987 3039 sedebit.
999 2981 1096 3040 litorii
1153 2982 1206 3039 sed
1221 2990 1248 3039 et
1259 2980 1363 3040 iratres
1372 2986 1440 3040 tuos
1451 2982 1488 3038 de
1504 2980 1584 3039 tribu
1600 2980 1678 3048 Levi,
1708 2976 1735 3039 el
1751 2980 1889 3053 sceptrum
1908 2988 1951 3047 pt·

266 3060 387 3131 Justitiee
402 3076 472 3134 pax,
483 3068 622 3121 etcustos
632 3065 755 3136 J'ustitiae
769 3066 933 3141 silentium,
945 3073 973 3127 et
986 3068 1097 3130 securi·
1111 3102 1132 3166 C
1151 3070 1202 3130 tris
1217 3070 1258 3129 tui
1269 3086 1353 3129 sume
1364 3076 1474 3140 tecum,
1494 3076 1661 3146 praestoque
1676 3072 1749 3139 sint,
1761 3072 1789 3129 et
1812 3064 1952 3126 ministrent

266 3152 314 3206 tas
329 3151 470 3224 usquein
484 3153 705 3224 sempiternum.
721 3165 754 3228 sp.
779 3155 880 3216 Amen.
1153 3159 1224 3228 tibi:
1241 3159 1329 3236 405
1345 3165 1377 3219 iu
1392 3167 1492 3218 autem
1503 3165 1531 3218 et
1541 3157 1593 3217 liiii
1608 3159 1650 3217 lul
1662 3157 1866 3218 ministrabitis
1878 3155 1904 3212 in
1917 3155 1952 3210 ta·

301 3233 1097 3310 Antiphonei.Oculinostriadllominumiieumnos-
1151 3249 1314 3308 berneculo
1331 3249 1546 3322 testimoniilp.
1568 3257 1673 3307 Amen.

268 3329 358 3400 bum,
372 3325 469 3387 donec
485 3327 662 3389 misereatur
673 3329 769 3390 nobis.
780 3333 850 3391 Paul
861 3349 948 3392 essu.
1186 3335 1361 3411 Prophetis.
1372 3337 1638 3412 liuditcprineipes
1649 3336 1756 3398 Jacob.
1770 3337 1825 3410 sol.
1850 3334 1906 3392 tii.

303 3417 416 3477 Oratio.
431 3415 477 3475 ild
488 3433 531 3490 re,
548 3417 682 3488 liomlne,
699 3421 803 3479 oculos
818 3427 945 3480 nostros.
967 3424 1026 3494 sol.
1047 3429 1093 3485 73.
1220 3427 1521 3486 lertielibridctuum
1535 3429 1746 3501 Apostolorum
1770 3424 1895 3502 (caari.

302 3501 1093 3580 Astipticus2.Beneiae‚liomine,bonisPscl.onir·
1184 3525 1217 3588 ip.
1233 3515 1425 3587 lieogretlas.

305 3593 416 3652 oratio.
434 3588 558 3656 benefac
577 3594 711 3657 Domine.
722 3601 780 3672 sot.
797 3604 841 3659 73.
1184 3603 1215 3661 ln
1231 3603 1287 3662 ibis
1300 3601 1407 3662 diebus
1421 3621 1430 3661 ι
1445 3605 1588 3679 Aperiens
1600 3605 1709 3663 Petrus
1724 3621 1758 3664 os
1780 3593 1948 3672 scandisti:

302 3681 489 3754 Antiphone.
504 3691 531 3744 ³.
547 3689 649 3761 speret
659 3689 748 3750 lsrael
773 3686 804 3747 in
819 3691 956 3759 Domino,
973 3709 1010 3750 ex
1035 3689 1094 3752 boc
1148 3691 1312 3750 inveritate
1327 3695 1468 3768 comperi,
1485 3695 1631 3768 quoniam
1646 3701 1712 3753 non
1727 3696 1772 3753 est
1779 3699 1951 3770 personarunt

266 3784 348 3828 nunc
363 3772 499 3847 eiusque
514 3773 544 3832 in
560 3774 712 3835 seculum.
734 3779 818 3838 Psoi.
829 3797 914 3841 cxxx.
1148 3787 1286 3856 acceptor
1298 3784 1389 3840 Deus:
1404 3779 1456 3840 sed
1477 3784 1507 3840 in
1519 3785 1707 3855 omnigenis,
1725 3780 1874 3859 quetimct
1887 3780 1950 3838 eum,

301 3867 335 3931 ic.
346 3860 496 3930 lliserere;
509 3861 582 3936 quia
596 3850 673 3922 ilaus
690 3882 734 3924 es.
750 3867 784 3924 P.
799 3866 1092 3928 Misericorsmisere-
1147 3870 1176 3929 et
1187 3871 1493 3945 operaturjusiitiam,
1511 3876 1652 3946 acceptus
1666 3871 1722 3934 till.
1742 3873 1864 3930 Verbum
1891 3863 1950 3923 enim

264 3962 296 4003 re
305 3964 313 4014 ;
329 3947 401 4020 quia
416 3949 608 4022 peccavimus
623 3952 685 4010 tibi.
699 3953 730 4017 ir.
741 3953 784 4011 Ad
800 3960 828 4013 te
838 3957 974 4015 levamus
987 3957 1092 4018 oculos
1146 3973 1235 4018 suum
1251 3960 1331 4019 misit
1340 3959 1410 4018 liliis
1422 3960 1520 4030 israel,
1535 3959 1721 4019 annuntians
1745 3973 1848 4036 pacem
1862 3969 1908 4032 per
1918 3953 1952 4009 ie·

264 4036 392 4101 nostros,
408 4036 460 4109 qui
471 4035 592 4095 habites
609 4041 640 4097 in
653 4041 745 4098 coelis.
761 4040 797 4101 Ρ.
824 4043 1000 4103 Misericors.
1146 4060 1213 4106 sum
1234 4051 1381 4108 Christum
1394 4049 1453 4118 [hic
1467 4053 1512 4107 est
1540 4048 1621 4106 enlm
1640 4049 1782 4108 omnium
1807 4041 1951 4108 contrusi·

297 4121 554 4182 Praeerliicamus
568 4143 675 4186 ornnes
692 4144 795 4201 preces
805 4137 926 4188 nostrus
941 4151 948 4188 r
964 4132 1091 4193 Domine
1145 4137 1308 4195 vosautem
1316 4137 1484 4214 scitisqdod
1493 4137 1846 4212 factumestverbumpcr
1855 4131 1953 4192 unirer

263 4208 399 4284 placatus
414 4213 553 4283 attende3
570 4216 610 4272 Ρ.
620 4219 654 4272 lit
672 4217 702 4273 in
726 4216 932 4277 misericordia
956 4219 1091 4282 lurorem
1147 4241 1213 4284 sem
1224 4227 1360 4284 tudeam
1375 4216 1952 4301 :incipienseninrallalilesapostbepll·

263 4311 381 4356 renova.
392 4297 424 4364 i.
440 4301 589 4373 benignus
603 4319 650 4370 ea,
667 4307 868 4376 querereris,
888 4309 1041 4380 concede,
1063 4321 1091 4371 et
1145 4329 1257 4386 smum,
1270 4317 1353 4390 'quod
1369 4317 1538 4390 predicavit
1551 4319 1685 4377 loannes
1696 4321 1799 4377 lesum
1812 4309 1950 4376 Nazareth:
2016 4341 2017 4388 ι

262 4387 497 4459 postulationem
515 4395 660 4449 nostram.
674 4391 711 4450 P.
728 4395 762 4451 st
775 4393 806 4452 ln
820 4397 1036 4459 misericordie.
1056 4400 1088 4464 v.
1144 4406 1298 4479 quomodo
1314 4404 1478 4464 unxileum
1501 4407 1646 4464 liominus
1674 4407 1786 4482 Spiritu
1810 4399 1952 4465 Sanctcei
2016 4409 2017 4446 i

264 4476 343 4531 Deus
357 4482 466 4578 noster,
483 4481 566 4552 aperi
581 4480 684 4538 oeulos
696 4487 772 4548 tuos,
789 4489 818 4541 et
831 4485 900 4542 vide
914 4487 1007 4557 male,
1021 4497 1089 4562 que
1105 4462 1128 4518 ὓ
1143 4494 1259 4562 virtute,
1274 4491 1321 4551 iric
1335 4495 1527 4566 pertransivit
1541 4491 1760 4554 benefaciendo
1787 4501 1815 4553 et
1833 4485 1951 4550 sanando

262 4577 320 4621 nos
341 4571 550 4638 comprimunt.
567 4569 599 4624 P.
612 4569 647 4626 lit
660 4571 691 4626 in
708 4571 922 4632 misericordia.
936 4574 969 4638 t.
991 4576 1090 4634 lndul-
1143 4595 1441 4657 omnesoppressosa
1454 4582 1740 4658 diabolo,quoniam
1751 4583 1952 4642 Deusaratcun
2016 4573 2017 4636 1

264 4653 396 4724 gentiam
407 4659 599 4728 peccatorum
607 4663 925 4731 nostrorumconcede‚
934 4669 963 4722 ct
971 4662 1089 4740 lachry-
1142 4669 1205 4728 illo.
1224 4671 1257 4727 Et
1267 4674 1416 4729 nostestes
1426 4681 1531 4729 snmus
1545 4673 1681 4731 omnium
1696 4673 1817 4742 borum,
1826 4680 1889 4745 que
1898 4663 1953 4722 ierit
2016 4645 2017 4738 1

262 4759 325 4800 mes
340 4745 559 4818 poenitentium.
577 4749 606 4806 P.
626 4749 661 4805 lit
672 4748 713 4806 in.
1142 4760 1173 4816 in
1192 4759 1839 4836 regionetudaeorum,etHierusalem,quem
1854 4764 1880 4816 et
1892 4753 1953 4814 occi·
2016 4765 2017 4838 t

300 4835 453 4905 Capitutc.
472 4837 573 4894 lisaitc
591 4852 684 4895 cornu
700 4844 849 4898 nostrum.
864 4841 922 4911 sot.
934 4843 979 4900 73.
1142 4847 1508 4922 deruntsuspendentesin
1519 4849 1615 4922 ligno.
1636 4851 1806 4908 iiunclieus
1820 4839 1953 4906 suscitarit
2016 4839 2017 4922 1

581 4927 764 4986 AdNosscm.
1142 4935 1953 5007 tertiadie‚etdediteimaniiestumlieri,noncmnip⁰·
2016 4925 2017 4934 ’

297 5009 468 5084 Propterea.
480 5013 542 5084 Fili,
554 5014 643 5084 habe,
660 5017 806 5076 fiduciam
820 5018 852 5075 in
867 5017 1004 5077 nomino.
1028 5022 1085 5093 sol.
1141 5024 1222 5099 pulo,
1234 5027 1288 5084 sed
1301 5026 1425 5084 testibus
1440 5027 1649 5101 preordinatis
1671 5027 1764 5086 abso
1781 5025 1887 5088 :nobis
1912 5015 1954 5092 qui

260 5104 306 5159 95.
1141 5115 1404 5181 manducavimus,
1415 5119 1443 5173 et
1455 5113 1587 5173 bibimus
1596 5119 1665 5173 curn
1681 5115 1743 5184 iilo,
1758 5119 1955 5190 postqnsnre

347 5188 527 5249 Lectictiirt
541 5191 670 5252 Numeri
692 5194 779 5269 (Cep.
808 5211 877 5270 xvir,
900 5199 997 5272 xviri).
1142 5203 1801 5278 surrexitamorluis‚perdiesquedreginla.
1817 5205 1954 5274 etproce·
2016 5245 2017 5262 ι

296 5287 329 5351 ip.
344 5279 404 5336 lieo
430 5280 550 5350 malias.
1140 5289 1182 5361 pit
1191 5289 1278 5346 nobis
1294 5291 1589 5365 predicarcpopulo,
1609 5297 1638 5350 et
1651 5288 1811 5357 testificari,
1825 5289 1893 5362 quia
1904 5285 1953 5354 ipse
2016 5297 2017 5326 i

295 5369 328 5424 ln
337 5366 394 5424 illis
406 5366 510 5426 diebus
524 5385 531 5427 ι
545 5369 673 5427 Locutus
691 5373 888 5431 estllominus
902 5375 941 5432 ad
954 5377 1086 5450 Moysen,
1141 5383 1193 5448 est,
1211 5378 1262 5450 qni
1274 5380 1528 5438 constitutusssta
1539 5383 1597 5438 Deo
1605 5375 1845 5452 tudexilvorum
1856 5381 1952 5432 arnor·

260 5453 365 5513 dicens
380 5475 388 5517 :
405 5459 538 5531 loquere
553 5459 592 5516 ad
611 5457 689 5516 tilios
713 5458 813 5527 isreel,
835 5467 863 5520 et
878 5465 977 5537 accipe
992 5465 1032 5523 ab
1045 5465 1087 5523 eis
1140 5470 1274 5523 tucrum.
1286 5467 1469 5526 lluicomnes
1481 5469 1635 5544 Prophetes
1650 5465 1857 5528 testimodium
1871 5457 1954 5538 perbl-

260 5541 1086 5626 maasnnpulaspsrcovneucnessnas,acmansprin·
1140 5553 1222 5627 bant,
1235 5555 1443 5616 remissionem
1452 5555 1952 5631 peccaterumecclperepsrnemcn
