4117 6175
243 207 299 330 Dii
756 288 758 293 ·
862 242 1090 317 nnnvnffltttt
1109 250 1307 320 GDTHICUM.

246 391 511 469 acceptabilissimi
523 388 635 448 laveris
648 386 732 462 apud
745 392 775 446 te
789 380 943 444 somniari
956 392 1071 437 merea·
1084 376 1110 432 A

248 500 316 543 auur
326 484 357 541 in
374 481 543 541 coelestibus
556 479 666 550 regnis.

283 576 495 631 paternoster.
512 567 637 625 Liberali
651 583 670 624 a
683 566 837 637 melnsol.
848 568 875 620 2.

190 659 195 670 “
284 661 399 719 Laudo.
414 658 500 717 Rami
513 657 585 714 mei.
599 656 781 715 Benedictio.
814 650 961 711 Dominus
989 648 1074 704 tosus

250 750 393 817 christus,
407 746 461 822 qui
474 746 560 805 olim.
576 745 746 817 Oueresol.
767 745 829 801 108.

282 835 315 894 ln
330 835 446 894 nomini
459 834 587 893 Domini.

299 924 336 980 lN
349 924 510 983 SECUNDO
534 921 704 981 uoururco
727 920 815 980 POST
840 922 1003 981 ocrAvAu

556 1010 764 1068 DPlPHANlAE.

1411 386 1523 444 vertice
1552 392 1664 447 nectar.

1164 478 1167 485 ·
1252 472 1373 529 Praestet
1383 480 1414 531 ut
1425 478 1523 532 votum
1536 476 1630 543 ;ierat
1643 482 1675 535 ιιι
1693 476 1857 547 medelam

1217 562 1310 619 Donet
1323 567 1354 621 ut
1365 565 1477 621 nostris
1492 568 1612 623 veniam
1628 566 1756 638 delictis3

1217 644 1325 703 Firmat
1335 654 1368 705 ut
1383 662 1490 706 sensus
1502 669 1509 720 ;
1518 650 1639 723 placida
1659 651 1760 726 quieta

1423 737 1547 797 ilulceat
1566 743 1657 798 artus.

1217 824 1252 881 nt
1264 822 1436 885 licetnootis
1452 828 1582 887 subeant
1594 828 1746 903 protunda

1217 911 1349 969 llorridis
1363 916 1471 973 mundi
1485 918 1616 976 tenebris
1637 924 1743 992 operta
1750 936 1759 990 ;

1135 1036 1138 1041 -
1218 1002 1610 1065 Denstsmennostrafidei
1624 1019 1762 1081 supernae

1417 1092 1577 1168 Splendeat
1595 1100 1672 1153 ortu.

1254 1178 1397 1238 Desinant
1405 1182 1511 1255 culpe,
1524 1183 1625 1255 vigilet
1637 1184 1778 1241 vicissim.

1217 1269 1319 1325 Noster
1332 1267 1468 1327 inlabens
1478 1271 1622 1341 animus;
1639 1286 1694 1330 nec
1705 1272 1764 1330 ulla

1216 1358 1326 1415 Sensus
1335 1358 1467 1418 involvat
1479 1361 1600 1430 gravior
1612 1366 1781 1433 vagantum

1412 1449 1575 1522 spirituum
1595 1455 1704 1507 turma.

1251 1538 1308 1593 Cor
1325 1537 1664 1610 enimnostrumvigilet
1691 1553 1809 1612 sopore,

1216 1624 1342 1682 Senmet
1355 1626 1515 1697 Christum,
1531 1626 1753 1700 Dominumque
1778 1643 1900 1701 semper

1216 1714 1335 1772 insonet
1346 1712 1484 1785 Psalmis,
1496 1714 1657 1772 meditetur
1671 1714 1797 1788 llymnis

1423 1805 1513 1860 Nocte
1546 1802 1668 1876 dieque.

1251 1889 1350 1949 Gloria
1361 1906 1482 1949 summo
1498 1890 1626 1949 celebret
1635 1890 1754 1948 Parenti

549 1099 593 1156 Aol
617 1100 768 1169 vesperos.

282 1188 396 1248 boodu
414 1188 466 1245 Die
491 1187 648 1246 mandavit
667 1186 812 1244 Dominus
837 1186 1075 1246 misericordiam

248 1294 346 1350 suam,
367 1277 454 1350 110
468 1279 595 1334 etnccte
606 1274 780 1335 declaravit.
796 1275 830 1338 it.
845 1278 932 1349 Apud
950 1292 1075 1335 maora·

248 1368 289 1425 tio
303 1372 363 1425 Deo
372 1368 440 1424 vitae
452 1383 539 1433 meae,
552 1367 653 1424 dicam
667 1369 746 1423 Deo:
759 1368 917 1439 susceptor
938 1382 1072 1434 meuses,

247 1458 286 1513 P.
306 1459 340 1512 Et
349 1461 435 1512 nocte
447 1454 610 1511 declaravit

284 1544 397 1600 Oratio.
409 1544 495 1606 Deus,
509 1542 563 1617 qui
576 1548 654 1599 tuam
667 1542 698 1600 in
710 1542 760 1599 die
776 1541 1075 1601 mandasmieericor·

247 1630 373 1702 diam,et
383 1632 415 1689 in
424 1636 512 1689 noete
523 1630 676 1689 declaras:
688 1631 952 1706 (praesummatis
960 1632 1008 1690 die
1017 1648 1074 1690 nos

246 1725 388 1795 protegas
403 1719 580 1777 adsalutem
595 1723 644 1789 ;et
657 1720 689 1776 in
702 1723 791 1777 nocto
804 1718 950 1779 delendas
969 1722 1009 1779 ad
1024 1737 1070 1779 re·
1088 1724 1111 1781 D

246 1808 359 1883 quiem.
374 1819 408 1881 lp.
424 1813 529 1865 Amen.

282 1897 337 1953 Per
355 1896 591 1954 misericordiam
604 1900 698 1954 tuam.

1899 270 1955 326 aro
2055 256 2056 259 ‘

280 1984 369 2043 Seno.
384 1984 424 2041 Te
437 1985 523 2043 decet
531 1986 664 2058 hymnus
675 1984 705 2043 in
721 1984 811 2043 Sion:
827 1984 917 2042 etlibi
930 1986 1072 2044 reddetur

245 2077 360 2131 votum.
376 2075 407 2129 Ρ.
423 2076 457 2129 ln
471 2072 665 2131 Hierusalem.
677 2072 811 2130 Alleluia.
822 2072 854 2135 i.
870 2074 997 2140 Exaudi,
1012 2075 1072 2134 Do-

244 2159 505 2231 mine,orationem
515 2165 671 2218 nostram.-
682 2160 722 2219 ad
730 2161 865 2219 teomnis
877 2176 949 2220 caro
962 2163 1071 2223 veniet.

244 2249 278 2304 P.
289 2250 322 2305 tn
336 2248 531 2305 Hierusalem.
548 2246 681 2305 Alleluia.

281 2338 425 2395 Dominus
444 2336 481 2393 sit
495 2350 615 2410 semper
627 2336 794 2394 vobiscum.
807 2347 839 2408 tp.
854 2340 888 2395 ut
901 2353 981 2396 eum.

1216 1978 1312 2037 Gloria
1323 1980 1447 2044 christo,
1464 1978 1634 2053 pariterque
1645 1980 1775 2048 Sancto;

1217 2066 1360 2125 Predicet
1371 2068 1494 2126 irinum
1504 2068 1555 2141 pia
1568 2083 1642 2125 voce
1658 2082 1780 2125 nomen.

1420 2158 1515 2215 Omne
1527 2172 1581 2233 per
1595 2171 1703 2214 oevum.

1163 2246 1269 2302 Amen.

1162 2332 1359 2404 Suppuratio.
1376 2334 1751 2406 Dremuslledemptorem.
1768 2334 1871 2402 Quare
1888 2336 1950 2405 soi.

279 2427 465 2497 Antipliooo.
481 2425 615 2483 Alleluia.
628 2426 706 2483 Deus
723 2425 844 2498 sapiens
858 2426 960 2497 corde,
975 2432 1005 2486 et
1015 2426 1073 2486 ior·
1129 2424 1192 2480 tue.

243 2513 474 2582 tisrobore.0ui
485 2518 657 2572 commovet
668 2520 778 2572 terram
791 2514 829 2571 de
846 2513 914 2572 loco
928 2530 994 2574 suo.
1015 2516 1072 2583 Qui
1163 2510 1314 2581 capitote.
1333 2512 1410 2568 Lens
1423 2512 1477 2569 tibi
1492 2512 1683 2586 omnipotens
1690 2514 1778 2579 Deus,
1807 2512 1955 2586 quoniam

243 2602 382 2677 probibet
393 2601 459 2671 soli,
475 2607 505 2659 at
525 2617 587 2659 non
619 2602 751 2659 oriemur
769 2607 816 2673 ;et
840 2601 940 2660 stellas
960 2603 1073 2663 claudit
1125 2598 1189 2670 jam
1203 2598 1269 2655 dies
1282 2601 1363 2657 tetris
1377 2600 1681 2674 moliturboriszjam
1693 2617 1818 2661 occasus
1832 2602 1956 2659 metitur

242 2694 330 2767 quasi
340 2686 403 2749 sub‘
411 2692 577 2763 signaculo.
592 2692 648 2760 Qui
662 2692 795 2750 extendit
820 2691 912 2750 coelos
928 2693 1023 2763 solus,
1044 2698 1072 2751 el
1127 2688 1158 2747 iu
1172 2704 1330 2762 vesperum
1343 2707 1349 2746 :
1356 2689 1422 2762 iam
1432 2690 1788 2763 soporiferaquieslesaos
1801 2690 1955 2748 reiecitar-

242 2780 378 2851 graditur
393 2796 484 2854 super
494 2781 603 2839 fluetus
618 2781 817 2848 maris.l¹.0ui
832 2780 903 2839 iacit
915 2787 1073 2854 magnaei
1128 2782 1175 2839 lus
1184 2795 1190 2833 ι
1197 2778 1261 2850 jam
1275 2778 1394 2853 Olympi
1419 2780 1569 2836 tramitem
1584 2779 1645 2837 lere
1658 2780 1805 2837 curricula
1828 2779 1954 2837 luent:

242 2869 399 2938 mirabilia,
413 2881 544 2944 quorum
559 2885 622 2928 non
643 2875 688 2927 est
714 2886 868 2927 numerus.
883 2870 915 2933 i.
949 2874 1072 2943 llagnus
1125 2867 1190 2939 jam
1200 2867 1369 2939 vespertina
1378 2867 1503 2940 polifera
1515 2866 1643 2924 visibilia
1653 2866 1768 2935 lustrat,
1783 2867 1956 2941 pervigiles-

242 2959 387 3017 Domiuus
402 2962 545 3023 noster,st
559 2972 672 3028 magna
681 2958 849 3030 virtuosius
859 2973 865 3014 :
877 2964 907 3016 et
918 2960 1072 3032 sapientie
1127 2970 1187 3028 que
1200 2958 1315 3012 mantes
1326 2956 1495 3014 sobrietatis
1503 2956 1957 3029 cautieapsallanlzulreciproco

241 3046 307 3118 ejus
319 3050 437 3102 nonest
462 3058 616 3102 numerus.
632 3048 663 3101 Ρ.
678 3044 733 3112 Qui
746 3043 827 3103 iacit.
860 3045 895 3108 i.
919 3047 1027 3119 Gloria,
1043 3052 1072 3108 et
1088 3068 1111 3129 ρ
1126 3042 1201 3100 lucis
1211 3042 1318 3101 obortu
1334 3044 1487 3118 sospitatis
1496 3044 1705 3119 pudicitiaeque
1719 3043 1846 3116 flagrant
1858 3045 1956 3118 proti-

241 3134 350 3205 bonor‚
364 3137 420 3189 etc.
436 3133 468 3190 P.
480 3133 535 3198 Qui
547 3131 626 3189 lacit.

277 3219 422 3278 Dominus
438 3219 476 3275 sit
491 3233 618 3293 semper.
629 3230 665 3291 lp.
681 3221 716 3276 Et
734 3234 813 3277 cum.

276 3309 394 3368 Laudo.
408 3308 441 3365 ln
452 3312 514 3366 loto
525 3308 615 3365 corde
624 3323 693 3366 meo
704 3308 852 3380 exquisivi
870 3312 899 3367 te
912 3327 919 3367 :
931 3311 1068 3374 Alleluia.

240 3401 270 3456 Ρ.
285 3401 325 3456 lte
334 3397 464 3471 repellas
473 3411 523 3454 me
538 3396 1072 3472 amandatistuis.Alleluia,alleluia,

1128 3147 1185 3188 nus
1195 3151 1201 3189 :
1211 3148 1375 3206 rursusque
1388 3149 1445 3190 nos
1458 3149 1551 3190 aurea
1563 3132 1739 3207 crepuscula
1751 3133 1892 3201 lustrenl3
1909 3138 1955 3202 ut,

1128 3221 1223 3279 noctis
1238 3222 1378 3295 expoliati
1394 3220 1551 3290 velamine,
1567 3221 1631 3279 dies
1645 3237 1701 3281 nos
1726 3221 1841 3280 alterna
1863 3237 1955 3296 repo-

1128 3316 1247 3458 sugit-m
1261 3403 1371 3458 noster.
1387 3357 1544 3458 Liberatia
1558 3400 1651 3460 malo.
1666 3401 1767 3470 Qonrs
1778 3399 1834 3470 sol.
1844 3403 1871 3456 2.

241 3486 373 3544 alleluia.
391 3486 423 3547 i.
436 3485 564 3544 Damihi
586 3486 779 3554 intellectum,
801 3492 830 3544 et
853 3490 1074 3560 prescrutabor
1164 3489 1321 3546 Humiliste
1336 3504 1389 3547 vos
1404 3488 1618 3548 benedictioni.

240 3575 339 3647 legem
349 3579 453 3631 tuem:
469 3579 499 3632 et
508 3575 678 3634 custodiam
686 3574 770 3634 illam
780 3575 812 3633 in
823 3579 885 3635 toto
895 3578 1074 3650 cordemeo,

241 3665 273 3720 Ρ.
292 3665 334 3720 tte
347 3661 477 3735 repellas
490 3679 549 3722 me.
561 3663 592 3727 i.
605 3663 713 3731 Gloria,
727 3670 755 3724 ct
768 3664 868 3725 bonor
891 3666 980 3737 Pani,
1009 3671 1069 3728 eto.

242 3753 273 3809 Ρ.
288 3753 329 3809 ile
343 3750 472 3824 repelles
485 3767 546 3811 me.

580 3843 732 3912 Hymnus.

367 3927 541 3988 Christelm
554 3932 671 4005 mnndi,
688 3933 781 4000 salus,
796 3936 826 3991 et
843 3937 989 4008 poleam.

333 4017 389 4088 Dui
404 4016 486 4077 diem
495 4017 567 4078 solis
580 4019 673 4079 radus
695 4022 855 4097 adimples,

331 4109 454 4167 Noctem
461 4111 491 4168 et
501 4107 617 4169 fulvam
633 4109 746 4169 iaciens
758 4126 895 4171 corusco.

538 4199 639 4259 Sidere
657 4201 771 4275 pingis.

366 4288 458 4347 Certis
469 4293 502 4347 ut
512 4293 608 4348 totum
624 4290 759 4348 moribus
772 4297 930 4365 peractum

335 4379 492 4452 'l'emperes
505 4378 657 4436 mundum
664 4378 782 4437 vicibus
792 4379 933 4452 recursis,

332 4469 427 4539 Atque
438 4464 569 4525 resolvat
580 4467 718 4524 omnium
736 4466 856 4525 labores

545 4557 629 4613 Sorte
648 4554 768 4628 quietis.

367 4645 618 4716 Dceevergentem
632 4648 709 4703 rotat
720 4643 795 4701 bora
821 4642 916 4701 solem

334 4730 468 4803 vesperis
480 4747 600 4788 rursum
619 4733 780 4790 remeantis
790 4737 901 4799 ortum,

332 4817 405 4876 ilinc
414 4823 443 4876 et
456 4822 605 4878 astrorum
615 4820 726 4877 chorus
739 4820 837 4878 omnis
850 4820 910 4878 alto

528 4909 627 4980 Surgit
644 4907 786 4982 Olympo.

368 4994 426 5050 ltos
439 4997 491 5069 pio
499 4997 580 5054 cultu
589 4997 643 5056 tibi
654 4999 863 5071 precinentes.

332 5079 461 5138 Vocibus
478 5085 571 5141 sacris
582 5085 777 5144 modulamus
792 5087 928 5161 Dymis,

331 5168 474 5227 Sensibus
485 5172 553 5228 tolle
568 5172 660 5230 simul
672 5173 844 5249 excitamur,

525 5262 657 5332 Pangere
679 5260 786 5322 laudes

367 5349 466 5409 Thura
475 5348 604 5408 libamus
615 5350 677 5424 tibi,
693 5368 803 5425 magne
815 5360 926 5424 rector,

332 5442 486 5499 Lumenet
498 5455 619 5499 sacrum
629 5440 757 5500 Domino
777 5443 966 5515 exhibemus,

330 5529 490 5590 Fervidunr
502 5534 634 5605 guttans,
650 5529 869 5614 madidumque
883 5549 1004 5594 summo

1163 3577 1309 3636 Dominus
1323 3578 1363 3636 sit
1375 3593 1502 3652 semper.
1516 3590 1549 3651 p.
1562 3581 1597 3638 ut
1622 3595 1703 3637 oum.

1442 3669 1628 3727 Benedictio.

1163 3757 1299 3813 Alternus
1313 3755 1468 3826 Dominus,
1480 3757 1533 3830 qui
1548 3755 1716 3815 bumilitate
1729 3755 1829 3829 potius
1858 3770 1956 3830 quam

1127 3843 1274 3903 sacrificio
1288 3844 1441 3918 placatur:
1452 3845 1518 3919 ipse
1527 3845 1612 3903 vobis
1625 3850 1749 3918 peecata
1771 3845 1911 3913 dimittat,
1926 3849 1957 3902 et

1126 3933 1291 3992 clementie
1317 3949 1378 3991 sure
1403 3933 1559 3992 miseratio
1580 3949 1699 4008 sempor
1717 3933 1883 3991 subveniat.
1913 3943 1952 4002 lp.

1126 4023 1232 4080 Amen.
1246 4023 1352 4082 Vestra
1362 4023 1654 4097 vota,desideriaque
1667 4022 1800 4080 Christus
1810 4021 1957 4080 Dominus
2055 4055 2056 4064 ι

1124 4111 1250 4170 inbono
1264 4112 1441 4187 adimpleat,
1454 4118 1483 4170 et
1495 4113 1600 4172 salutis
1611 4113 1731 4186 copiam
1739 4110 1959 4170 animabusve-

1125 4202 1193 4258 stris
1203 4202 1359 4261 concedat.
1375 4215 1408 4274 p.
1422 4201 1586 4269 Amantini
1592 4201 1677 4272 larga
1687 4200 1878 4258 miseratione
1884 4211 1958 4272 pec·

1124 4290 1275 4348 caloribus
1289 4291 1409 4348 veniam
1422 4291 1526 4359 donat,
1555 4291 1619 4364 ipse
1647 4287 1729 4347 vobis
1739 4287 1954 4348 misericordiae

1126 4393 1189 4434 suae
1203 4378 1285 4436 dona
1297 4379 1448 4436 attribuat.
1465 4391 1499 4452 ip.
1520 4385 1628 4436 Amen.

1159 4465 1216 4522 Per
1230 4467 1468 4526 misericordiam
1483 4468 1577 4542 ipsius
1593 4467 1653 4526 Dei.

1069 4591 1074 4602 .
1160 4555 1275 4611 Laudo.
1291 4557 1334 4613 Tu
1346 4557 1496 4615 mandasti
1518 4557 1663 4614 mandata
1674 4560 1735 4615 tua.
1763 4554 1897 4612 Alleluia.
1909 4554 1949 4611 P.

1126 4641 1383 4702 Custodirinimis.
1396 4644 1531 4716 Alleluia,
1547 4645 1676 4711 alleluia.
1707 4641 1835 4702 alleluia.
1851 4643 1883 4702 i.
1896 4642 1957 4699 Uti-

1124 4743 1197 4788 nam
1207 4731 1376 4803 dirigantur
1385 4733 1441 4791 vire
1456 4729 1957 4803 measdcustodiendssjustitica-

1125 4821 1221 4878 bones
1237 4827 1314 4881 tuas.
1334 4825 1379 4882 P.
1398 4823 1545 4882 custodiri
1555 4823 1655 4881 nimis.
1683 4823 1714 4884 tl.
1726 4820 1834 4892 Gloria,
1849 4823 1879 4877 et
1898 4819 1957 4876 bo-

1125 4925 1191 4976 nor,
1211 4915 1268 4968 etc.
1284 4913 1320 4968 P.
1335 4911 1470 4980 Alleluia,
1486 4911 1615 4979 alleluia,
1632 4910 1762 4970 alleluia.

1164 4999 1247 5071 111
1267 5001 1382 5059 Oratio.
1398 5001 1586 5059 Desiderium
1608 5005 1729 5059 tuorum
1752 4998 1889 5057 Domine.
1904 5000 1959 5055 lle·

1125 5091 1211 5160 quire
1219 5089 1305 5160 infru
1317 5091 1349 5148 in
1360 5090 1518 5149 Mototim's
1537 5091 1615 5148 istis.

1410 5181 1458 5236 Ad
1480 5181 1668 5238 Delminum.

1160 5267 1304 5338 Hymnus.
1320 5271 1437 5326 AEterne
1450 5285 1550 5326 rerum
1563 5269 1850 5340 conditoresque
1864 5267 1959 5339 sole.

1161 5355 1276 5412 Oratio.
1289 5357 1441 5414 AEternum
1453 5359 1481 5413 te
1494 5355 1666 5425 Dominum,
1688 5371 1864 5432 rarumque.
1895 5357 1956 5414 Re·

1124 5443 1211 5516 quire
1216 5445 1275 5515 sol.
1289 5446 1335 5501 ll.

1158 5532 1475 5607 instaurabamus
1497 5534 1572 5618 quid
1585 5535 1773 5614 multiplicati
1791 5539 1871 5602 sunt,
1896 5533 1955 5608 qui
