4117 6175
342 324 483 394 Tinxarit,
493 328 625 398 quantus
634 327 686 381 tua
701 322 862 388 Primitiae.

343 418 423 473 Dum
436 419 503 472 tuos
517 411 602 470 vivax
611 410 721 468 recolat
738 411 909 486 triumphos

450 503 526 558 laus
543 497 701 572 Apodemi.

379 593 513 659 Quatuor
527 587 674 661 posthinc
689 592 826 661 superest
840 588 975 646 virorum

341 686 456 740 Nomen
470 676 579 742 extolli,
593 682 755 734 rennuente
763 682 869 746 metro,

342 771 423 836 Quos
438 765 612 825 Saturninos
626 770 772 822 memorat
795 772 916 824 vocatos

447 853 548 910 Prisca
559 857 702 911 vetustus.

377 945 436 1002 ileo
449 942 506 999 sub
518 940 605 999 altari
620 942 678 998 sita
697 941 880 1016 sempiterno

342 1031 505 1107 lapsisque
519 1028 631 1086 nostris
642 1029 761 1086 renium
773 1035 912 1103 precatur

340 1120 449 1187 Turba,
466 1133 562 1192 quum
577 1121 675 1174 servat
688 1131 848 1190 procerum
874 1116 997 1174 creatrix

437 1210 669 1280 Purpureorum.

377 1300 436 1355 llos
453 1296 505 1370 pio
517 1293 591 1352 fletu
602 1294 672 1353 date
685 1293 859 1368 perluamus

341 1389 522 1447 idermorum
533 1383 642 1452 sulcos,
655 1383 767 1456 quibus
776 1386 821 1440 est
835 1387 941 1456 operta

343 1476 429 1549 Spes,
443 1476 476 1530 ut
485 1471 624 1529 absolvat
636 1470 871 1529 retinaculorum

447 1560 549 1616 Vincla
563 1573 710 1627 meorum,

378 1652 482 1708 sterne
494 1653 523 1705 te
535 1652 606 1718 toga
617 1661 764 1716 generosa
774 1645 887 1704 sanctis

339 1737 450 1795 civitas
465 1750 583 1792 mecum
596 1733 730 1806 tumulis,
738 1733 847 1792 deiude

339 1828 403 1886 Hor
410 1823 592 1894 resurgentis
600 1821 719 1885 animos
733 1827 762 1880 et
774 1828 857 1880 artus

445 1916 517 1971 'lota
529 1912 672 1985 sequeris.

374 2002 505 2061 Gloriam
523 1999 651 2074 psallat:
669 2016 716 2056 :it
734 2017 741 2057 ι

338 2089 371 2153 ri.
385 2088 566 2146 Exultebunt
578 2087 685 2144 sancti.

376 2175 439 2250 [cu]
456 2177 565 2231 Ymnus
579 2177 611 2231 iu
622 2175 700 2232 diem
719 2176 816 2231 suncti
834 2175 983 2247 Torquati.

302 2264 388 2323 Urbis
399 2260 541 2320 Romuleo
552 2261 613 2318 iem
624 2261 843 2333 togacandide.
854 2263 889 2319 Ut
900 2263 932 2320 iu
943 2270 1007 2334 ejus
1025 2263 1093 2321 Fas.

272 2357 394 2420 tiuitute,
405 2352 452 2410 die
470 2366 489 2406 ι.
504 2351 582 2409 Maii

301 2442 334 2506 il·
349 2445 382 2499 lu
396 2454 517 2499 omnem
527 2443 647 2496 terram

310 2530 422 2588 Ymuue
432 2528 465 2585 in
479 2527 555 2584 dieu
570 2532 671 2586 sancte
684 2526 791 2584 Crucis.
828 2528 859 2584 V.
870 2527 973 2586 Nouus
982 2528 1090 2587 liuius.

303 2622 403 2692 Pange
414 2616 548 2689 linguam
561 2614 694 2687 gloriosi.
709 2615 747 2674 Ut
769 2618 802 2674 io
826 2619 888 2689 ejici
907 2618 1089 2686 Festiuitute,

266 2709 316 2766 die
329 2707 441 2765 eunii.

300 2796 334 2860 ll.
350 2795 452 2854 Dicite.

438 2884 549 2942 Ymuus
558 2883 590 2938 iu
603 2881 782 2940 decessione
795 2883 928 2942 Domini.

301 2973 407 3033 literne
415 2974 475 3029 llex
492 2968 650 3027 altissime.
665 2970 723 3040 sol.
733 2971 796 3028 ³95.

300 3059 577 3126 absonditueus.

524 3147 635 3204 Ymuus
650 3146 683 3201 de
706 3146 838 3206 latoniae.

301 3236 493 3312 benignitatis
506 3235 574 3292 fons
588 3236 676 3291 Deus.
693 3236 730 3293 Ut
745 3237 775 3291 ic
796 3236 954 3295 Breviorio
969 3237 1027 3307 fol.
1042 3240 1087 3295 bt.

432 3325 543 3381 Ymnru
557 3324 589 3379 iu
604 3332 741 3380 sonatum
750 3323 944 3383 Pentecosten.

300 3417 390 3474 &ata
402 3412 490 3471 nobis
505 3409 691 3485 pandisset.
703 3414 766 3469 422.

299 3502 332 3566 i.
346 3501 451 3559 Emitte
466 3500 604 3574 spiritum
619 3505 714 3556 tuum.

414 3589 522 3646 Ymuus
535 3588 568 3645 io
587 3588 665 3646 diem
678 3589 779 3647 suncti
790 3586 920 3648 idriam.

299 3676 482 3735 iherusalem
496 3675 636 3748 gloriosa.
654 3676 691 3734 Ut
705 3676 739 3733 in
762 3679 823 3750 ejice
843 3678 1018 3748 Feetcoitutu
1038 3679 1087 3738 die

264 3766 310 3823 17.
320 3765 417 3822 lunii.
477 3768 480 3773 '

298 3854 332 3918 il.
343 3857 494 3911 iustorum
505 3853 615 3910 anime.

342 3941 576 4001 Ymuueiodiem
600 3948 772 4000 sauctorum
790 3944 901 4003 siriaci
914 3950 943 4003 et
971 3947 1082 4005 Paule.

485 4028 560 4088 xm
581 4030 735 4089 Kalendae
753 4032 869 4089 iunius.

439 4102 492 4207 [ξ
509 4119 641 4177 Laudem
656 4119 745 4177 beate
766 4104 905 4201 Eulalia]

369 4210 494 4269 &orum
503 4210 616 4279 tempus
629 4208 661 4263 in
676 4204 791 4263 caletulo

331 4298 409 4356 Anni
416 4295 543 4355 revolbit
551 4294 680 4351 circulus

329 4389 457 4444 Resonet
466 4384 532 4441 lans
545 4383 575 4440 in
591 4398 661 4439 coro

330 4474 373 4531 Ex
386 4486 438 4530 ore
447 4470 543 4544 plevis
557 4475 586 4527 et
599 4468 688 4527 clero.

365 4560 514 4619 Christum
524 4561 618 4616 Deum
633 4558 708 4617 imni
716 4557 827 4633 dicent,

330 4649 388 4719 Qui
400 4647 508 4707 siriaco
518 4647 633 4706 martiri

328 4738 477 4813 Pauloque
496 4736 560 4795 eius
571 4736 651 4796 socie

329 4827 432 4887 nobur
444 4825 527 4885 dedit
540 4826 716 4885 constantie.

364 4916 471 4974 Preces
478 4929 612 4990 namque
623 4914 789 4989 cartaginis

328 5004 410 5063 llius
423 5008 486 5063 erat
494 5004 638 5078 temporis

327 5094 472 5153 Anolinus
482 5093 620 5152 terribilis

327 5184 440 5242 Nomen
455 5182 592 5253 gestabat
605 5180 748 5239 inmunis.

363 5272 458 5329 Instat
466 5273 586 5327 sanctos
597 5269 767 5342 perquirere

328 5360 451 5432 signato
469 5357 574 5416 Christi
585 5356 707 5414 nomine

327 5445 550 5517 onSiriaoum
563 5449 595 5503 et
630 5442 735 5504 aulam

908 141 1135 256 suspensuri
1154 153 1351 260 sereretur.

1223 322 1361 382 Silvanus
1374 324 1460 384 duxit
1481 325 1513 382 in
1525 325 1627 384 aulam

1255 413 1334 469 Tunc
1345 414 1483 470 sciscitati
1498 414 1636 472 martires

1219 502 1356 558 latentur
1370 500 1465 558 Deum
1484 503 1514 558 in
1529 500 1600 560 celis

1219 588 1294 644 Nam
1308 603 1369 645 uon
1384 589 1468 647 litare
1477 589 1565 646 idolis

1218 675 1312 732 Almis
1326 677 1451 750 professi
1465 682 1535 735 suut
1553 677 1665 736 verbis.

1253 766 1295 821 Ex
1310 765 1358 822 ino
1372 766 1466 823 verba
1476 765 1637 826 mulcentia

1217 853 1394 911 Sanctorum
1409 854 1472 912 linit
1484 862 1606 928 pectora

1219 942 1267 1000 Set
1278 948 1414 1001 temnunt
1426 958 1505 1001 vane
1523 943 1650 1002 delubra

1218 1030 1253 1087 lit
1266 1030 1417 1089 Christum
1429 1032 1553 1089 credunt
1567 1031 1597 1089 in
1612 1036 1702 1091 astra.

1253 1117 1483 1192 ludexrepletus
1498 1119 1575 1178 iuria

1219 1207 1341 1264 sueretu
1357 1207 1456 1264 tundit
1463 1223 1592 1282 corpore

1220 1298 1360 1353 Penarum
1369 1301 1467 1356 mutat
1477 1312 1589 1369 genera

1220 1384 1316 1441 Corde
1327 1401 1390 1442 non
1403 1390 1498 1443 mutat
1510 1385 1644 1444 credula.

1254 1477 1338 1531 iuxta
1349 1473 1488 1547 beneque
1494 1476 1616 1533 arbores

1217 1561 1387 1618 Palmarum
1402 1563 1463 1620 cesi
1473 1563 1611 1622 martires

1217 1650 1437 1708 latidumbictu
1448 1652 1548 1709 anime

1216 1738 1341 1809 liigrant
1353 1739 1494 1813 polorum
1505 1739 1537 1797 in
1552 1739 1617 1798 ede.

1251 1829 1376 1901 lloxque
1387 1827 1661 1901 Silbannsoorpora

1217 1915 1427 1988 ignisproiecit
1436 1916 1466 1974 in
1479 1916 1638 1975 flammam

1217 2003 1275 2061 Sed
1288 2003 1385 2061 imber
1401 2005 1532 2076 ingense
1548 2005 1619 2063 celis

1217 2092 1342 2152 minxit
1358 2093 1504 2166 impetum
1515 2093 1605 2166 ignis.

1253 2181 1297 2239 Ob
1307 2182 1365 2240 hoo
1380 2196 1539 2256 precemur
1552 2183 1678 2241 Domine

1217 2269 1250 2326 ln
1262 2269 1371 2328 borum
1380 2269 1454 2327 leste
1467 2269 1626 2328 martirum

1217 2359 1291 2415 Vota
1303 2364 1480 2418 cunctorum
1493 2359 1595 2432 accipe

1217 2449 1251 2504 ut
1268 2462 1327 2521 que
1341 2451 1481 2519 postcunt
1494 2448 1642 2506 adtribue.

1251 2537 1316 2603 Quo
1330 2535 1405 2593 dum
1419 2535 1479 2592 vite
1491 2536 1665 2608 peragimus

1215 2624 1302 2683 Elusa
1315 2639 1371 2681 nos
1381 2639 1400 2681 a
1410 2623 1488 2680 vitiis

1213 2715 1247 2771 Et
1262 2712 1413 2770 emendati
1425 2712 1560 2770 moribus

1211 2800 1323 2861 Pollere
1338 2800 1384 2860 ico
1397 2801 1555 2860 virtutibus

1247 2891 1307 2948 Deo
1319 2890 1404 2948 Patri.

1103 3017 1125 3074 C
1176 2977 1209 3041 it.
1219 2981 1371 3036 iustorum
1383 2977 1494 3035 anime.

1185 3069 1295 3127 Ymuus
1310 3069 1339 3124 iu
1351 3067 1429 3127 diem
1444 3067 1542 3125 suncti
1572 3067 1731 3127 Ilouuuiu.
1752 3067 1912 3128 Nutiuitcte.

1176 3160 1250 3215 Puer
1259 3157 1308 3215 hic
1326 3161 1412 3214 sonat
1425 3156 1583 3215 lhoannes.
1605 3157 1639 3213 Ut
1651 3156 1683 3213 ic
1697 3161 1766 3230 ejus
1779 3157 1938 3219 Festiuitute,

1141 3245 1192 3302 dte
1204 3246 1239 3301 ll
1253 3244 1344 3301 lucii.

1176 3331 1208 3395 i.
1225 3335 1367 3392 Lucerna.

1379 3422 1467 3479 Alius
1481 3422 1520 3479 ud
1530 3422 1739 3493 ¹diutcitiitum.

1176 3510 1285 3583 Clauge
1299 3510 1385 3569 liram
1398 3510 1561 3568 zaccarias.
1575 3510 1629 3567 Ibi.

1173 3598 1209 3662 ri.
1227 3602 1359 3657 Lucerna
1371 3598 1501 3672 pedibus
1517 3599 1602 3656 meis.

1182 3688 1291 3745 Ymuue
1303 3688 1335 3746 iu
1346 3688 1423 3746 etiem
1433 3687 1628 3759 sunctiZopli.
1642 3689 1674 3745 V.
1685 3688 1841 3747 Kalendae
1851 3682 1936 3745 iulius.

1398 3760 1437 3855 [u
1468 3776 1552 3833 Vocis
1566 3762 1697 3857 audite]

1173 3863 1296 3923 Mandris
1311 3868 1395 3935 gesta
1405 3864 1546 3939 zoylique
1562 3879 1682 3924 corone.
1705 3865 1743 3924 Ut
1757 3866 1788 3923 in
1798 3866 1857 3937 dur
1885 3860 1938 3917 te·

1138 3952 1264 4021 tivitute,
1279 3953 1325 4010 die
1337 3957 1384 4011 27.

1287 4042 1398 4099 Ymnus
1409 4047 1581 4101 sauctorum
1594 4042 1678 4100 Petri
1688 4050 1717 4101 et
1728 4042 1827 4101 Pauli.

1171 4131 1371 4203 Apostolorum
1378 4130 1528 4205 pessinUt
1535 4130 1567 4189 iu
1574 4124 1937 4199 eorumFestiuitotedieil·

1171 4216 1203 4280 t.
1225 4220 1258 4276 ln
1295 4234 1415 4277 omnem
1432 4224 1552 4277 terram.

1222 4305 1294 4381 [cur]
1314 4308 1465 4365 Ymousio
1485 4308 1562 4366 diem
1581 4310 1680 4367 sancti
1702 4305 1882 4379 christofori.

1172 4395 1304 4453 obeatre
1319 4396 1425 4454 mundi
1439 4402 1551 4455 auctor.
1570 4398 1607 4455 Ut
1624 4400 1653 4453 iu
1665 4401 1732 4470 ejus
1740 4394 1910 4456 Festiuitute.

1170 4482 1203 4546 i.
1219 4486 1378 4542 iustorum.
2022 4484 2023 4489 ’

1195 4572 1303 4631 smnus
1319 4574 1351 4631 in
1366 4574 1443 4632 diem
1458 4579 1629 4633 sanctarum
1649 4575 1732 4633 Iuste
1748 4579 1776 4632 et
1790 4570 1891 4644 Rufina.

1170 4661 1286 4721 Adsunt
1297 4662 1428 4722 Punicea
1441 4663 1567 4723 flosculo
1586 4664 1750 4739 virginum.
1764 4662 1841 4721 Utin
1854 4666 1937 4716 ωηεν»

1134 4748 1313 4809 Festivitute.

1168 4838 1200 4902 il.
1218 4840 1430 4899 Leteturmons
1446 4840 1530 4900 sion.

1301 4929 1412 4987 Ymuus
1426 4931 1544 4989 initium
1558 4932 1654 4989 sancti
1666 4928 1797 5000 suesti.

1171 5018 1286 5092 Sparati
1300 5020 1392 5077 suncti
1404 5020 1546 5079 martiris.
1569 5021 1606 5078 Ut
1625 5020 1729 5091 incJ'us
1740 5014 1909 5077 Festioitcte.

1169 5106 1201 5169 i.
1212 5108 1274 5166 Vox
1288 5107 1387 5167 letitie.

1276 5196 1385 5255 Ymnua
1407 5199 1438 5255 in
1452 5198 1530 5257 diem
1554 5198 1653 5257 sancti
1675 5194 1802 5267 Cucufu.

1169 5286 1314 5344 barcinon
1323 5286 1382 5344 leto
1396 5287 1537 5347 Cucufate
1547 5303 1686 5347 vernens.
1698 5286 1737 5343 Ut
1751 5284 1784 5341 iu
1808 5280 1865 5354 ejus
1881 5272 1937 5334 Fu·

1134 5370 1259 5433 tivitme.

1168 5458 1200 5525 i.
1216 5464 1331 5522 lustum
1345 5462 1479 5525 deduxit.
