4117 6175
892 277 1120 364 suaviludii
1140 294 1330 361 uorureuu.
1894 290 1944 358 see

596 434 729 495 cxxxiii.
1085 424 1109 484 Α
1160 422 1316 485 Benedicat
1327 420 1381 485 tihi
1394 425 1539 487 Dominus
1552 438 1589 483 ex
1602 422 1681 498 syon
1696 432 1711 468 ¹
1724 422 1776 498 qui
1788 416 1943 484 habitatin

497 526 651 585 Canticum
682 521 821 595 gradum.
1124 515 1295 574 Ierusalem.

532 614 786 687 Populonentnro.
896 624 899 628 ·
1472 602 1592 663 CXXXV.

285 708 360 762 Ecce
373 719 454 762 nunc
460 703 624 762 benedicite
637 702 795 759 Dominum
807 713 913 758 omncs
927 697 1007 755 servi
1016 696 1071 754 Do
1472 693 1608 749 Alleluia.

248 792 324 851 mini
338 794 409 867 'qni
425 792 511 851 stalis
522 793 554 849 in
567 793 659 851 domo
669 790 800 856 Domini,
814 789 846 846 in
860 788 942 846 atriis
961 786 1071 845 domus
1337 780 1735 853 Dononrottotiterctorum.

248 883 300 940 Dei
314 881 418 940 nostri.
1163 870 1238 929 Ana.
1253 862 1288 927 In
1308 868 1590 928 temitttnnenesnu
1601 884 1711 927 memor
1719 867 1782 939 snit
1794 869 1893 925 nostri
1903 870 1950 925 De

285 975 318 1027 ln
332 969 472 1028 noctibus
482 969 609 1028 extollite
622 970 855 1028 manusvestras
864 965 1008 1023 insaucia
1022 965 1031 981 '
1043 966 1071 1019 ei
1123 958 1949 1029 minus,etredemitnordemanuinirnicornmnestrorum.

247 1058 414 1117 benedicite
425 1058 592 1118 Dominum.
1160 1048 1348 1109 confitemini
1363 1046 1642 1121 Dominoqnoniam
1670 1046 1792 1105 bonus*
1806 1046 1949 1120 quoniam
2034 1064 2035 1077 ¹

286 1146 445 1204 Benedicat
455 1140 940 1218 iibiDominusexSyon'quiieclt
950 1140 1068 1213 coelum,
1124 1142 1156 1200 in
1173 1139 1316 1198 sucinum
1329 1134 1533 1196 misericordia
1556 1136 1628 1194 eius.

248 1238 279 1293 et
296 1239 415 1295 terram.
1161 1226 1349 1288 uonfinmim
1360 1225 1586 1284 Deodeorumt
1606 1224 1789 1298 quoniamin
1806 1225 1948 1283 saeculum

564 1322 697 1381 cxxxiv.
1125 1315 1331 1377 misericordia
1345 1315 1419 1372 eius.

590 1411 725 1470 adeleia.
1162 1401 1351 1465 confitemini
1369 1402 1497 1460 Domino
1512 1400 1724 1463 dominorum·
1749 1402 1896 1477 quoniam
1919 1403 1946 1460 in

477 1499 629 1559 Doctrina
647 1496 839 1559 inductionis.
1126 1494 1269 1553 seculum
1279 1488 1484 1549 misericordia
1500 1490 1574 1547 cius.

283 1591 357 1649 dna.
370 1591 436 1661 lino
450 1590 583 1661 comedi,
593 1589 806 1661 quodmopnns
820 1591 862 1644 est
874 1586 1018 1645 Dominus
1029 1590 1072 1643 :ei
1162 1584 1218 1651 Qui
1231 1582 1299 1639 iecit
1321 1577 1471 1638 mirabilia
1496 1594 1609 1651 magna
1623 1576 1704 1637 solus
1717 1584 1734 1618 ⁴*
1759 1578 1904 1653 quoniam
1918 1579 1946 1637 in

253 1680 332 1737 Dens
343 1683 441 1737 noster
450 1692 645 1749 superemines
657 1677 734 1735 deos.
1127 1670 1272 1731 saeculum
1287 1666 1492 1728 misericordia
1516 1666 1593 1726 eius.

282 1767 414 1824 laudate
431 1781 544 1823 nomen
566 1764 685 1823 Domini
695 1766 707 1787 '
718 1764 837 1821 laudate
851 1763 929 1821 servi
942 1762 1071 1821 Domini.
1090 1746 1112 1825 D
1163 1760 1217 1827 Qui
1227 1760 1294 1816 iecit
1309 1757 1399 1815 coelos
1412 1754 1562 1814 intellectu
1578 1756 1589 1779 '
1609 1754 1751 1829 quoniam
1765 1756 1796 1813 ln
1811 1756 1947 1814 seculum

206 1878 211 1885 ·
285 1854 472 1921 Quisiaiiein
482 1853 575 1911 domo
589 1851 707 1911 Domini
720 1853 728 1871 ·
742 1851 776 1909 in
791 1851 873 1909 atriis
894 1850 1005 1909 domus
1025 1838 1075 1907 Dei
1127 1844 1415 1907 misericordiosius.

249 1941 357 2001 nostri.
1164 1938 1218 2004 Qui
1231 1936 1479 1993 firmaritterram
1500 1948 1590 2008 super
1612 1948 1707 2007 aquas
1723 1934 1735 1959 ⁶
1750 1930 1898 2006 quoniam
1920 1934 1947 1991 in
2036 1994 2037 1997 ,

285 2030 416 2089 haudeie
431 2029 598 2098 Dominum,
613 2028 984 2103 quiabenignusllomiuus
996 2026 1075 2101 psal-
1128 2026 1272 2083 saeculnm
1293 2022 1498 2081 misericordia
1524 2022 1597 2079 eius.

253 2116 305 2179 lite
316 2119 431 2178 nomini
446 2119 520 2187 eius,
539 2119 686 2192 quomens
700 2133 793 2175 suave
806 2120 863 2176 eei.
1164 2116 1218 2182 Qui
1231 2114 1299 2171 lacit
1311 2112 1472 2171 luminaria
1481 2122 1595 2183 magna
1616 2110 1727 2170 solus*
1749 2110 1895 2187 quoniam
1923 2113 1950 2171 in

285 2206 433 2276 Quoniam
450 2208 539 2266 iacob
560 2207 648 2279 elegii
667 2206 725 2265 sibi
749 2204 1021 2265 Dominusturaei
1043 2205 1074 2263 in
1128 2205 1272 2263 saecuium
1294 2201 1500 2259 misericordia
1523 2201 1597 2259 eius.

249 2298 475 2373 possessionem
507 2294 575 2354 sibi.
1164 2288 1262 2351 Solem
1276 2288 1306 2348 in
1325 2294 1469 2363 potestate
1488 2286 1576 2347 diei*
1595 2288 1742 2362 quoniam
1765 2282 1796 2346 in
1809 2291 1948 2347 seculum

286 2387 364 2454 Quia
378 2402 438 2459 ego
450 2383 591 2457 cognobi,
610 2384 694 2459 quod
707 2399 838 2456 magnus
849 2386 894 2442 est
906 2382 1051 2441 Dominus
1062 2384 1074 2407 *
1127 2379 1418 2439 misericordiosius.

249 2478 365 2535 etDeus
375 2477 478 2533 noster
494 2473 708 2549 proeomnihus
722 2473 789 2533 diis.
1162 2472 1276 2529 Lunam
1291 2473 1319 2527 ei
1333 2466 1434 2526 stellas
1448 2466 1480 2523 in
1494 2468 1639 2539 potestate
1666 2466 1762 2526 noctis
1776 2466 1792 2500 *
1806 2469 1946 2549 quoniam

285 2560 1072 2637 omniaquecumquevolntuominmiecit'incola
1126 2558 1157 2617 in
1172 2557 1315 2615 seculum
1338 2552 1631 2614 misericordiosius.

249 2653 318 2712 etin
331 2658 419 2719 terre,
433 2653 465 2709 in
479 2652 566 2720 mari,
584 2655 613 2710 ei
624 2651 656 2709 in
681 2650 823 2710 omnibus
836 2649 967 2724 abyssis.
1163 2644 1217 2714 oui
1229 2644 1540 2721 percussitAEgypium
1551 2661 1620 2703 cnm
1628 2642 1768 2719 primitiis
1781 2642 1843 2703 suis
1856 2650 1943 2719 'quo-

284 2742 419 2799 iiducens
429 2739 526 2801 nubes
537 2742 812 2799 ahextremoterrss
822 2737 1073 2812 'iulgurainplu-
1126 2736 1209 2794 niam
1221 2736 1251 2793 in
1266 2734 1410 2793 saeeulum
1421 2732 1628 2792 misericordia
1641 2732 1716 2791 eius.

247 2830 332 2891 hiem
349 2830 427 2889 iecit.
1162 2828 1196 2883 Ei
1210 2823 1439 2895 eduxirlrrahel,
1456 2822 1586 2881 emedio
1598 2822 1691 2892 eius,l
1702 2822 1846 2897 quoniam
1856 2822 1886 2881 in
1897 2836 1946 2879 sa-

285 2920 342 2986 Dui
355 2918 495 2992 producit
508 2921 612 2977 ventos
626 2917 664 2975 de
678 2917 828 2975 thereuris
838 2914 902 2973 suis
914 2916 930 2950 ⁸
936 2914 990 2988 qui
1008 2930 1073 2988 per-
1126 2912 1228 2972 cnlum
1242 2912 1448 2970 misericordia
1467 2912 1542 2969 eius.

250 3008 345 3065 cussit
360 3006 559 3078 primogenita
569 3004 702 3078 AEgypii
716 3003 754 3062 ab
773 3003 895 3063 homine
909 3019 1006 3078 usquc
1033 3004 1073 3063 ad
1163 3007 1194 3060 in
1207 3002 1386 3073 manuiorii,
1401 3001 1430 3058 et
1443 2998 1569 3059 brachio
1597 2998 1716 3059 excelso
1731 3003 1741 3023 ⁸
1756 3001 1902 3075 quoniam
1921 3002 1948 3057 in
2038 2988 2039 3041 3

250 3111 352 3168 pecus.
1091 3116 1112 3179 C
1127 3093 1272 3150 smcfflum
1287 3091 1493 3150 misericordia
1506 3089 1580 3147 eius.

284 3179 319 3242 ili
331 3180 515 3254 misitsigna,
529 3187 559 3240 et
568 3181 747 3256 prodigiain
758 3181 858 3241 medio
871 3183 923 3251 tui,
932 3185 1073 3258 mgypte*
1163 3182 1219 3249 Qui
1233 3181 1334 3238 divisit
1348 3195 1431 3238 mare
1438 3179 1563 3237 rubrum
1569 3179 1600 3238 in
1606 3177 1770 3238 divisiones
1786 3179 1948 3254 'veniam

249 3269 282 3330 tn
294 3275 469 3341 iunonem,
482 3274 512 3330 et
522 3271 556 3330 in
569 3286 676 3330 omnes
685 3285 788 3330 servos
799 3271 874 3328 eius.
1126 3271 1158 3329 in
1173 3270 1316 3328 saeculum
1340 3269 1545 3328 misericordia
1555 3269 1630 3325 eius.

283 3359 792 3435 ouiperoussitssentesmulier'ei
805 3359 1073 3434 occiditregesmi·
1161 3357 1224 3434 [nx]
1239 3361 1273 3417 Et
1296 3357 1467 3416 transduxit
1489 3355 1601 3415 israhel
1626 3367 1680 3429 per
1703 3355 1836 3417 medium
1864 3358 1946 3415 eius·
2039 3409 2040 3412 ,

249 3442 369 3509 rehiles.
1126 3449 1272 3524 quoniam
1281 3447 1313 3505 in
1328 3447 1472 3504 naculum
1483 3445 1686 3504 misericordia
1696 3443 1772 3504 eius.

284 3540 473 3610 scoringam
485 3533 728 3609 Amantinorum,
744 3539 773 3597 et
787 3538 831 3609 ⁰8
844 3550 947 3609 regem
959 3539 1073 3598 Busan·
1162 3537 1218 3605 Oui
1227 3533 1356 3594 excussit
1363 3537 1577 3608 Faraoncm,ei
1583 3533 1747 3592 exercitum
1758 3535 1821 3593 eius
1836 3533 1944 3592 inmari

248 3632 277 3685 ei
291 3625 394 3684 omnia
411 3640 505 3698 regna
517 3629 641 3685 canaan
654 3625 772 3686 occidit
1125 3626 1218 3686 rubro
1230 3627 1239 3645 '
1250 3626 1394 3700 quoniam
1409 3625 1441 3682 in
1461 3624 1605 3683 smerdem
1621 3624 1828 3682 misericordia
1840 3624 1910 3682 eius.

283 3717 318 3772 iit
329 3713 412 3772 dedit
422 3719 642 3774 tememeorum
653 3712 845 3774 hereditatem
854 3713 866 3738 ·
876 3714 1071 3776 henditatem
1161 3713 1217 3783 oui
1230 3713 1398 3772 transduxit
1418 3711 1565 3786 populum
1583 3729 1672 3770 suum
1698 3727 1751 3786 per
1773 3713 1919 3770 desertum
1934 3713 1940 3730 '

248 3801 340 3859 lsrael
354 3817 442 3860 servo
459 3818 525 3859 suo.
1124 3804 1270 3879 quoniam
1284 3804 1315 3860 in
1326 3801 1469 3859 soeculum
1485 3801 1691 3861 misericordia
1708 3803 1773 3859 eius

281 3889 530 3958 Domine,nomcn
542 3891 629 3946 tuum
638 3886 671 3947 ln
683 3893 829 3949 aternum
842 3890 997 3961 ‘Domina
1009 3906 1069 3950 me·
1161 3893 1218 3959 Qui
1228 3891 1330 3950 eduxit
1348 3905 1460 3964 aquam
1485 3890 1522 3948 de
1535 3894 1620 3964 petra
1645 3889 1729 3964 rupis
1739 3888 1900 3965 'quoniam
1914 3889 1943 3946 in

248 3976 373 4036 moriale
384 3981 470 4034 tuum
483 3977 515 4034 in
529 3977 675 4036 seculum
692 3978 804 4038 suedi.
1125 3980 1270 4039 seculum
1285 3979 1493 4038 misericordia
1503 3977 1578 4038 eins.

284 4065 513 4133 uniatudicabu
527 4065 671 4124 Dominus
695 4067 843 4142 populum
864 4081 953 4127 suum
967 4075 983 4111 ¹·
995 4072 1025 4128 ei
1039 4069 1072 4126 in
1160 4071 1216 4138 Qui
1229 4064 1376 4143 percussit
1390 4073 1493 4140 gentes
1507 4067 1643 4127 multast
1656 4068 1803 4141 quoniam
1816 4067 1846 4126 in
1858 4083 1943 4126 secu·

248 4155 342 4212 serris
359 4154 420 4211 suis
445 4155 657 4215 consolabitur.
1124 4159 1188 4218 ium
1203 4156 1409 4218 misericordia
1421 4157 1495 4216 eius.

283 4243 448 4302 Simulacrc
457 4245 592 4315 gentium
602 4249 770 4316 argentum,
785 4247 815 4302 et
842 4247 965 4304 aurum·
978 4260 1071 4321 opera
1161 4245 1195 4306 Ei
1204 4247 1312 4307 occidit
1321 4262 1406 4319 reges
1419 4245 1592 4304 mirabiles·
1619 4238 1765 4320 quoniam
1792 4242 1823 4304 in
1859 4259 1943 4302 secu·

246 4349 394 4391 manuum
407 4333 577 4392 hominum.
1124 4336 1188 4395 lum
1199 4333 1404 4393 misericordia
1429 4333 1503 4391 eius.

282 4424 322 4480 Ds
334 4422 452 4491 hahent,
468 4427 568 4481 elnon
579 4422 758 4496 loquentur·
782 4421 886 4480 oculos
904 4422 1026 4496 habent,
1043 4427 1071 4482 et
1087 4468 1110 4524 D
1161 4427 1238 4484 Scon
1253 4439 1354 4496 regem
1369 4425 1580 4483 Amorreorum
1591 4425 1600 4444 '
1611 4425 1756 4498 quoniam
1767 4423 1941 4483 insecutum

246 4523 309 4570 non
321 4511 474 4571 videbunt.
1125 4513 1419 4574 misericordiosius.

280 4597 507 4667 amastrinam,
523 4605 619 4658 cinon
637 4593 784 4656 audiuni'
804 4612 893 4658 nares
906 4599 1029 4670 hahent,
1042 4605 1071 4660 et
1161 4607 1193 4662 Di
1209 4605 1252 4674 Og
1266 4617 1367 4674 regem
1383 4599 1499 4660 Bessan
1513 4599 1529 4634 ⁵
1541 4601 1685 4676 quoniam
1698 4602 1730 4660 in
1741 4601 1883 4662 soeculum
1894 4599 1940 4658 mi·

244 4701 308 4748 non
317 4689 500 4748 odorabunt.
1126 4691 1289 4752 sericordia
1304 4689 1381 4751 eius.

281 4776 514 4846 Danushabent,
528 4779 557 4835 et
567 4789 631 4835 non
649 4775 1068 4854 palpabmtepadesuabent
1161 4785 1195 4840 Et
1208 4782 1310 4839 omnia
1322 4777 1661 4852 regneilanaanoccidii
1672 4778 1688 4812 ¹
1701 4780 1846 4854 quoniam
1860 4781 1938 4838 inse

247 4869 350 4925 etnon
365 4865 577 4925 ambulabunt.
1126 4871 1227 4932 cilium
1241 4868 1446 4928 misericordia
1469 4869 1544 4930 eius.

281 4959 345 5014 iton
360 4952 535 5014 clamabunt
547 4955 579 5013 in
591 4957 709 5028 gutture
728 4973 784 5016 suo
797 4955 813 4989 ¹¹
827 4971 925 5032 neque
939 4957 1073 5016 enimcsi
1162 4963 1196 5018 Et
1207 4957 1290 5017 dedii
1305 4961 1414 5018 terram
1423 4971 1527 5016 eorum
1540 4957 1735 5017 hereditatem
1748 4957 1758 4976 '
1772 4953 1939 5034 quonismin

246 5044 365 5120 spiritus
376 5045 408 5103 in
429 5060 482 5104 ora
504 5046 650 5120 ipsorum.
1127 5049 1267 5108 soeculum
1281 5046 1491 5105 misericordia
1505 5047 1580 5104 eius.

282 5131 398 5192 Similes
413 5133 472 5191 illis
486 5133 571 5202 flant,
580 5135 633 5208 qui
645 5135 759 5194 iaciunt
772 5149 808 5194 ea
822 5134 832 5152 '
845 5138 874 5194 et
886 5149 1003 5208 omnes,
1019 5136 1073 5210 qui
1163 5135 1363 5196 Hereditatem
1375 5135 1487 5192 israhel
1499 5147 1591 5195 serto
1611 5149 1647 5192 su
1663 5125 1836 5210 oquoniam
1849 5126 1878 5192 in
1892 5145 1940 5189 se·

245 5221 402 5280 confidunt
412 5223 444 5280 in
465 5221 518 5280 cls.
1128 5227 1231 5285 culum
1246 5224 1450 5283 misericordia
1466 5223 1539 5282 eius.

280 5306 684 5369 Domuslsraheihenediciic
701 5311 961 5372 Domino'domns
973 5317 1072 5374 Aaron
1164 5313 1562 5382 Quiainhumiiiiaienostra
1573 5309 1847 5374 memoriulinosiri
1858 5305 1942 5370 Domi·

244 5397 414 5457 benedieiie
435 5399 573 5456 Domino.
1128 5405 1206 5462 nus·
1219 5404 1365 5478 quoniam
1377 5401 1407 5459 in
1422 5403 1566 5460 soeculum
1586 5401 1879 5461 misericordiosius.

280 5487 467 5545 Domuslcni
485 5484 651 5544 benedicite
671 5486 885 5566 Domino*qui
894 5490 1005 5553 timetis
1018 5493 1074 5552 Do⁴
1164 5491 1198 5548 lit
1212 5489 1339 5548 redemit
1348 5505 1403 5548 nos
1415 5490 1453 5548 de
1461 5504 1555 5548 mann
1564 5491 1751 5550 inimicorum
1760 5483 1940 5550 nostrorun'

245 5574 370 5644 minum
389 5575 556 5635 benedicite
579 5575 716 5638 Domino.
1128 5577 1475 5656 quonleminscculum
1498 5580 1791 5642 misericordiosius.
