4117 6175
245 288 299 345 207
875 265 1321 351 uuuvlsuiurtporfflcuu.

457 402 504 461 Ad
521 401 660 470 vesperos
673 396 710 455 de
725 396 867 467 Infimis.
1093 392 1117 447 A
1221 394 1341 454 Nemini
1355 394 1453 461 hino,
1468 392 1572 453 Dsitnti
1588 392 1643 451 soli

286 498 401 557 Laudo.
416 491 561 551 Dominus
574 483 753 544 illuminatio
767 501 846 553 mea,
859 488 888 543 el
902 484 982 543 salus
996 497 1075 547 mea,
1328 482 1431 542 Sidera
1446 479 1585 542 clament.

254 602 345 664 quem
359 578 492 641 timebo?
1325 572 1430 631 Amen·

291 672 436 731 Dominus
448 667 487 725 sit
504 679 625 738 semper
635 661 804 721 vobiscum.
818 674 850 734 iu.
863 664 986 719 Etcum.
1167 660 1364 732 snpplicatio.
1375 658 1736 734 Oramuslledamplorsm
1745 660 1959 719 mundiliomi·

288 762 374 819 soso.
396 760 477 816 Sana
491 752 617 813 Domine
642 767 749 811 omnes
767 751 929 824 languores
948 752 1076 814 nostros,
1132 764 1207 807 num
1221 754 1357 807 nostrum
1366 752 1467 808 tasum
1480 750 1628 809 Christum
1637 764 1707 807 oum
1717 748 1799 807 omni
1814 749 1960 824 supplica·

257 847 390 905 Alleluia.
405 844 525 903 Redime
536 842 574 899 ds
588 840 706 899 interitu
725 838 820 898 vitam
841 843 987 904 nostram,
1002 835 1079 894 Aila·
1132 836 1371 910 tionerogemus,
1380 843 1414 897 nt
1424 836 1549 897 vulnera
1563 836 1746 898 famulorum
1758 853 1883 897 suorum
1895 856 1961 897 om·

253 937 324 1003 luia,
339 933 467 996 alleluia.
1133 926 1217 983 nium
1229 925 1361 985 fidelium
1373 925 1563 985 infirmorum
1577 928 1725 1001 propitius
1739 943 1845 987 curare
1859 928 1962 1000 digne·

286 1022 432 1081 Dominus
456 1020 493 1077 sit
506 1034 626 1090 semper
639 1014 810 1073 vobiscum.
827 1026 859 1084 a.
878 1015 912 1070 Et
926 1028 1005 1069 cum.
1134 1020 1191 1073 tur.
1205 1028 1237 1088 p.
1252 1018 1363 1074 Proesta
1372 1020 1481 1075 aterne
1494 1015 1686 1091 omnipolcns
1697 1018 1958 1091 Deus.liyrie,elei·

282 1111 467 1184 Antiphone.
479 1106 591 1164 Christe
600 1104 735 1176 Domine,
746 1102 837 1177 quies
847 1100 984 1159 medicus
998 1102 1079 1187 salu·
1133 1120 1199 1161 son.
1214 1116 1249 1175 ia.
1267 1102 1391 1176 Christe,
1403 1104 1524 1162 eleison.
1542 1106 1639 1179 llyrie,
1655 1104 1776 1163 eleison.

248 1201 335 1270 iaris,
341 1200 372 1255 P.
386 1196 493 1256 Pribne
506 1192 655 1265 languidis
665 1190 837 1249 subsidium
849 1188 1007 1248 medicinae
1022 1203 1079 1245 coe·
1170 1192 1320 1263 capitula.
1332 1196 1491 1250 Preoamur
1501 1193 1636 1261 Domine,
1647 1198 1742 1252 ntnos
1753 1194 1891 1254 iniratua
1900 1211 1965 1253 non

248 1286 386 1349 lestisrl.
408 1284 580 1348 ODomine,
598 1281 697 1339 salvos
718 1296 774 1337 nos
798 1279 861 1337 lacl
889 1279 912 1337 0
937 1275 1077 1335 Domine!
1133 1296 1262 1353 arguas;
1277 1286 1305 1339 et
1319 1280 1450 1339 iurarem
1470 1285 1556 1339 tuum
1570 1281 1600 1338 in
1620 1297 1676 1339 nos
1689 1282 1832 1341 desevire
1846 1298 1908 1341 non
1922 1283 1965 1341 si-

249 1378 326 1435 bene
338 1387 529 1451 prosperare.
543 1372 579 1426 Ρ.
590 1369 697 1427 Tribus
709 1368 872 1439 languidis.
883 1366 915 1429 ll.
927 1365 1035 1434 Gloria,
1051 1369 1080 1423 et
1133 1384 1207 1428 nas:
1224 1370 1274 1427 sed
1284 1368 1422 1444 placidus
1437 1374 1586 1428 corrector
1603 1370 1670 1428 tolle
1686 1371 1830 1443 peccandi
1846 1388 1939 1430 usum
1956 1389 1964 1441 ;

250 1464 359 1530 honor,
372 1468 432 1520 cto.
447 1460 479 1517 P.
495 1459 611 1517 iribue.
1132 1474 1236 1517 nenos
1251 1458 1405 1529 arguendo
1416 1458 1529 1525 durius,
1543 1457 1690 1533 propellat
1703 1458 1742 1517 ad
1759 1460 1897 1517 nihilum.
1912 1462 1969 1519 lii·

285 1551 430 1610 nominos
442 1550 480 1605 sit
491 1562 609 1619 semper
621 1544 791 1604 vobiscum.
803 1556 836 1614 is.
850 1545 883 1600 ΕΙ
896 1559 977 1601 cum.
1133 1562 1229 1605 serere
1242 1562 1313 1619 ergo
1325 1546 1487 1605 infirmitati
1508 1551 1619 1604 nostrae
1636 1564 1643 1603 ε
1657 1552 1686 1604 ct
1696 1546 1880 1605 famulorum
1892 1554 1969 1607 tuo-

283 1640 423 1699 Loadal.
434 1636 539 1696 Salvos
549 1651 604 1692 nos
619 1634 708 1692 iaciat
722 1632 845 1691 dextera
859 1636 920 1690 tna.
936 1628 1073 1689 Alleluia.
1132 1652 1201 1693 rum
1214 1636 1352 1693 omnium
1365 1634 1501 1693 lidclium
1524 1634 1714 1693 infirmorum
1739 1639 1822 1694 tuam
1840 1636 1969 1710 imperti

255 1731 341 1804 105
359 1732 389 1786 P.
402 1726 514 1785 iurandi
528 1742 584 1782 nos
594 1722 719 1781 bomine
729 1725 807 1780 Deus
819 1729 930 1790 noster,
942 1720 1077 1787 Alleluia,
1093 1740 1116 1795 g
1133 1724 1282 1783 medelam
1296 1726 1325 1781 et
1342 1739 1421 1797 quos
1434 1723 1530 1781 cernis
1547 1724 1667 1797 proprio
1692 1722 1802 1782 turbati
1823 1730 1965 1799 monnio,

248 1817 377 1876 alleluia.
393 1817 425 1880 tt.
446 1818 481 1873 ut
497 1812 693 1873 conliteamur
710 1810 826 1869 nomini
840 1815 944 1868 sancto
958 1811 1029 1867 tuo:
1050 1808 1080 1866 el
1132 1813 1249 1889 quietos
1260 1813 1382 1887 deputa,
1395 1810 1625 1870 misericorditer
1637 1810 1834 1883 indulgendo.

250 1906 412 1979 gloriemur
425 1905 456 1961 in
472 1902 562 1961 laude
580 1906 640 1960 tua.
654 1904 687 1959 P.
707 1898 822 1959 Exaudi
836 1914 902 1957 nos.
919 1898 951 1962 i.
967 1897 1077 1969 Gloria,
1167 1902 1251 1961 Patcr
1264 1905 1375 1960 noster.
1390 1900 1505 1959 Amalo
1518 1916 1574 1958 nos
1584 1900 1689 1959 libera.
1702 1901 1760 1971 [ot.
1773 1904 1816 1958 10.

248 2001 277 2055 ct
290 1997 400 2066 honor,
412 1998 469 2052 etc.
480 1993 514 2051 P.
530 1991 644 2049 lixandi
658 2006 726 2049 nos.
1168 1990 1345 2047 Benedictio.
1353 1988 1550 2061 Omnipotens
1558 1986 1768 2061 Dominus,qui
1775 1987 1965 2049 fidelissimis

282 2086 354 2143 Atia
367 2084 484 2142 Lauda.
497 2082 664 2140 Salvosnos
673 2078 720 2137 lac
731 2078 857 2136 bomine
865 2078 942 2135 bens
954 2079 1075 2136 noster:
1132 2076 1262 2135 iamulos
1276 2091 1348 2134 suos
1360 2090 1467 2135 omncs
1477 2074 1582 2135 fideles
1592 2075 1729 2134 infirmos
1739 2077 1889 2151 corporali
1898 2094 1967 2137 cor-

249 2173 384 2232 dlleluia.
394 2176 425 2239 P,
440 2174 473 2228 ut
480 2184 632 2241 congrega
641 2184 697 2226 nos
706 2167 743 2225 de
751 2164 1075 2230 nationibussllsluia,
1131 2167 1201 2241 ripit
1212 2166 1343 2234 vulnero,
1359 2166 1424 2241 ipse
1435 2164 1512 2233 illos,
1532 2170 1562 2224 et
1575 2182 1632 2225 nos
1650 2180 1669 2224 a
1690 2166 1824 2241 corporis
1838 2169 1965 2226 mentis-

249 2262 376 2321 allclnia.
391 2260 423 2323 i.
439 2262 475 2317 llt
488 2258 687 2318 confiteamur
705 2256 821 2315 nomini
833 2259 937 2313 sancio
959 2260 1009 2314 tuo
1025 2270 1033 2310 ε
1048 2256 1078 2311 el
1131 2271 1191 2331 que
1206 2254 1435 2326 egritudinibus
1449 2255 1560 2330 expiet.
1581 2267 1613 2325 is.
1633 2258 1737 2313 Amen.
1764 2256 1877 2330 Quique
1890 2271 1966 2316 nos-

251 2350 414 2424 gloriemur
424 2350 455 2407 in
473 2347 563 2406 laude
574 2351 636 2405 tua.
651 2346 683 2403 P.
700 2348 733 2403 st
747 2358 907 2416 congrega.
918 2342 949 2405 it·
964 2342 1075 2410 Gloria,
1131 2350 1207 2403 tram
1220 2344 1251 2402 in
1262 2360 1295 2402 ss
1310 2346 1442 2420 suscepit
1453 2344 1668 2412 infirmitatem,
1684 2344 1749 2421 ipse
1760 2345 1860 2416 nobis,
1885 2352 1914 2405 ei
1927 2348 1965 2406 il·

250 2443 282 2497 et
297 2438 406 2510 bonor,
416 2442 472 2496 etc.
487 2436 517 2494 P.
531 2434 663 2502 Alleluia,
679 2431 807 2491 alleluia.
1130 2432 1166 2492 lis
1178 2433 1290 2491 tribuat
1304 2433 1467 2491 tolerantias
1477 2434 1541 2490 sinc
1550 2433 1611 2492 fine
1622 2434 1805 2493 mercedem.
1816 2438 1962 2506 ladmen.

591 2524 741 2595 Hymnus.
1131 2522 1178 2583 Sic
1189 2537 1295 2580 omnes
1306 2522 1337 2579 in
1352 2523 1508 2581 communi
1526 2524 1592 2596 ejus
1606 2523 1702 2596 pietas
1717 2524 1834 2592 loveat;
1855 2530 1889 2583 ut
1902 2541 1963 2583 nen

374 2613 488 2674 Christe
504 2610 634 2669 coelestis
650 2608 801 2669 medicina
813 2610 918 2681 Patris,
1130 2614 1270 2684 corrupta
1281 2615 1385 2669 nostra
1407 2611 1489 2669 salus
1507 2610 1659 2679 deseviat,
1678 2626 1734 2670 neo
1756 2612 1962 2687 desperationi

336 2706 429 2761 verns
443 2703 585 2760 humanm
598 2698 733 2757 medicus
742 2698 847 2756 solutis
1129 2700 1285 2757 inllrmitas
1303 2699 1386 2758 illata
1397 2700 1584 2760 succumbat.
1595 2713 1627 2773 rs.
1645 2704 1751 2761 Amen.

339 2790 478 2850 Provida
493 2788 590 2864 plebis
599 2786 743 2863 precibus
757 2789 893 2861 potenter
1165 2792 1219 2846 Per
1231 2788 1480 2848 misericordiam.

442 2878 542 2936 Pande
551 2878 698 2936 favorem.
1166 2878 1281 2937 Laudo.
1299 2877 1403 2936 Salvos
1416 2894 1473 2937 nos
1488 2877 1669 2939 laeliomins
1681 2881 1760 2939 Deus
1774 2885 1875 2939 noster
1894 2882 1962 2939 :Ai-

370 2970 414 3024 En
430 2966 471 3025 ob
493 2966 630 3021 infirmos
643 2964 699 3021 tibi
717 2964 933 3037 supplicamus,
1129 2966 1808 3039 lainiau.Utconliteamurnominisanototno.
1821 2970 1961 3030 alleluia.

340 3057 420 3122 Quos
436 3068 549 3112 nocens
563 3053 655 3126 pestis
670 3050 802 3110 valitudo
815 3054 932 3118 cassat;
1095 3078 1116 3137 C
1130 3056 1162 3114 P.
1179 3058 1325 3115 ldemsnlo
1340 3056 1445 3125 nostri,
1471 3058 1609 3127 bomine,
1637 3058 1667 3116 in
1696 3056 1884 3132 beneplacito
1910 3075 1964 3135 po

260 3139 265 3146 ’
341 3143 453 3214 Ulpius
463 3140 604 3199 morbum
618 3140 731 3198 releves
741 3141 905 3214 jacentum,
1131 3145 1194 3218 puli
1209 3147 1250 3202 tui
1264 3162 1271 3202 :
1287 3145 1376 3204 visita
1388 3161 1444 3204 nos
1455 3147 1486 3204 in
1501 3148 1625 3207 salutari
1637 3153 1698 3207 tuo.
1714 3149 1743 3205 P.
1767 3151 1802 3208 Ut
1816 3149 1964 3208 conlitea-

441 3232 506 3298 Qno
524 3228 710 3304 quatiuntur.
1106 3231 1208 3291 tamur.
1224 3233 1258 3296 a.
1278 3231 1387 3304 Gloria,
1407 3238 1436 3292 et
1454 3235 1563 3305 bonor,
1587 3241 1641 3297 etc.
1655 3239 1685 3294 P.
1704 3239 1741 3295 [ll
1753 3238 1963 3296 conliteamur.

371 3318 426 3388 Qui
439 3321 584 3392 potestate
594 3317 772 3375 manifestus
781 3321 897 3385 extans,
1168 3323 1656 3399 Oratio.Omnipotenssempitsrns
1664 3328 1962 3400 Deusouareinsra.

337 3412 403 3468 linx
415 3408 491 3465 Petri
505 3422 626 3466 socrum
640 3406 775 3464 febribus
787 3408 949 3481 jacentem,
1442 3447 1523 3489 ml,
1551 3449 1644 3491 sm„

337 3496 440 3569 Reguli
441 3495 790 3642 cggoffinpserumque
804 3495 924 3554 salvans
1417 3555 1466 3613 M
1475 3557 1670 3616 mmmm,

375 3674 459 3730 Ferto
477 3671 633 3746 languenti
647 3672 760 3747 populo
769 3672 902 3745 vigorem
910 3690 920 3746 ;
1165 3682 1352 3754 Antiphone.
1367 3685 1408 3740 Ns
1423 3683 1760 3757 proiiciasnosliomine
1774 3685 1880 3746 alacie
1890 3689 1960 3745 tua:

340 3759 434 3818 illilus
448 3760 565 3832 largam
579 3761 701 3837 populis
721 3761 847 3820 salutem
864 3780 871 3832 ;
1131 3775 1160 3829 et
1175 3770 1312 3844 Spiritum
1326 3771 1468 3831 &nolum
1477 3775 1607 3832 tuumne
1620 3774 1741 3834 auferas
1752 3791 1771 3833 a
1784 3774 1962 3834 nobisPsut

338 3846 475 3908 Pristinis
493 3865 577 3908 more
592 3850 678 3909 solito
689 3851 859 3909 reformans
1131 3875 1207 3918 mus.
1218 3876 1245 3916 ι,

444 3938 562 3997 Viribus
577 3954 685 4010 aegros.
1168 3948 1283 4008 Oratio.
1314 3951 1355 4007 Ns
1367 3949 1508 4023 projicias
1526 3967 1583 4008 nos
1608 3952 1735 4010 bomine
1754 3967 1773 4010 a
1794 3950 1869 4010 lacis
1888 3956 1962 4036 tua3

373 4031 538 4103 Corporum
555 4028 678 4085 morbos
690 4027 861 4102 animmque
876 4043 969 4096 sana;
1131 4053 1187 4096 nec
1202 4037 1323 4096 auferas
1331 4038 1567 4097 misericordiam
1580 4043 1696 4100 tuamn
1713 4040 1801 4100 nobis
1818 4044 1870 4098 :nt
1880 4056 1962 4115 quos
2038 4055 2039 4080 ³

338 4118 502 4176 vulnerum
523 4117 623 4174 causis
637 4113 748 4174 adhibe
762 4115 933 4176 medelam:
1131 4132 1232 4184 reatus
1245 4125 1387 4184 lacinoris
1410 4133 1490 4186 tenet
1507 4129 1665 4198 obnoxios,
1682 4127 1882 4188 miserationis
1903 4133 1963 4186 tute
2037 4127 2038 4169 l

339 4207 382 4264 Ne
395 4207 459 4264 sine
474 4206 573 4262 fructu
584 4203 735 4261 cruciatus
744 4208 811 4262 urat
1132 4215 1290 4272 clementia
1304 4216 1394 4274 laniat
1408 4217 1576 4277 absolutos.
1592 4230 1625 4291 rs.
1645 4222 1751 4278 Amen.
2036 4215 2037 4261 l

445 4296 577 4366 corpora
591 4298 703 4351 nostra.
1168 4303 1222 4360 Per
1238 4303 1473 4363 misericordiam
1489 4310 1583 4364 luam.
2035 4297 2036 4351 l

338 4382 441 4441 Omnis
457 4381 605 4452 impulsus
617 4381 736 4453 penitus
748 4380 885 4448 recedat;
1094 4431 1118 4487 D
1168 4392 1381 4462 antiptonol.
1395 4392 1528 4452 Salvator
1538 4402 1641 4454 noster
1657 4395 1737 4456 salsa
1751 4411 1807 4454 nos
1823 4395 1854 4452 in
1868 4392 1963 4452 dilec-

340 4471 444 4530 omnis
460 4469 600 4527 incursus
611 4467 750 4526 crucians
762 4468 928 4544 liquescat;
1134 4479 1212 4538 tione
1227 4483 1288 4537 tua.
1303 4483 1335 4536 P.
1356 4483 1390 4538 st
1408 4481 1593 4555 indulgentia
1605 4491 1656 4544 tua
1671 4483 1766 4543 libera
1779 4501 1845 4542 nos.
1860 4483 1892 4546 lt.
1916 4483 1964 4542 Ad

336 4559 421 4617 Viros·
435 4561 546 4632 oplaloe
564 4558 662 4616 foveat
680 4557 786 4616 salmis
1102 4614 1123 4638 g
1133 4573 1160 4627 te
1174 4569 1311 4626 lavamus
1323 4570 1427 4628 oculos
1437 4578 1567 4642 nostros,
1581 4575 1634 4650 qui
1643 4573 1762 4634 habitas
1772 4575 1804 4632 iu
1819 4573 1914 4632 coelis.
1929 4575 1963 4630 P.

443 4645 577 4704 Membra
587 4646 725 4705 dolentis.
1134 4659 1167 4715 nt
1178 4657 1371 4732 indulgentia.
1386 4659 1417 4723 il.
1432 4660 1576 4732 Gloria,el
1587 4663 1694 4731 honor,
1707 4667 1762 4722 etc.
1775 4663 1806 4720 P.
1819 4665 1853 4722 lit
1862 4661 1964 4720 indul-

375 4738 441 4794 Jam
457 4738 534 4792 Deus
544 4735 638 4792 nostri
651 4736 791 4793 miserere
805 4735 902 4807 flatus,
1132 4747 1244 4818 gestia.

341 4829 396 4882 Pro
409 4824 519 4899 quibus
536 4828 563 4880 le
575 4839 656 4880 mmo
667 4823 798 4896 petimus
815 4823 943 4892 medem
1168 4835 1280 4893 Oratio.
1292 4837 1488 4913 Omnipotens
1506 4841 1684 4915 sempiterna
1699 4844 1775 4899 Deus
1786 4837 1898 4898 inclina
1908 4856 1962 4899 an·

341 4915 376 4969 b't
391 4917 475 4971 tuam
489 4913 589 4970 omnis
598 4911 748 4970 recubans
762 4913 911 4970 medelam
1132 4938 1195 4980 rem
1207 4928 1291 4984 tuam
1305 4927 1574 5002 supplicationibus
1586 4930 1705 4998 nostris,
1719 4934 1748 4988 et
1765 4927 1886 4988 famulis
1902 4927 1963 4986 tuis

445 5002 556 5060 Sentiat
574 5016 672 5074 ager:
1132 5013 1274 5071 omnibus
1286 5014 1426 5074 fidelibus
1438 5017 1564 5076 infirmis
1578 5017 1705 5077 adversa
1729 5015 1862 5092 corporis
1879 5016 1963 5074 vals·

377 5087 442 5154 0¹10
456 5104 511 5162 Per
522 5089 604 5149 1¹¹⁸*ss
614 5088 779 5148 maladnm
789 5094 934 5161 lfllsssslub
1132 5102 1234 5160 tudine
1245 5103 1454 5164 laborantibus
1469 5106 1595 5166 calestia
1613 5105 1700 5179 100
1711 5108 1814 5184 gratiss
1839 5103 1964 5164 medici-

338 5176 528 5234 llrnditorum
541 5194 669 5236 numero
680 5178 782 5237 decori
1131 5205 1204 5251 nm
1217 5195 1357 5254 concede,
1374 5205 1409 5266 p,
1424 5198 1529 5254 Amen,

339 5268 499 5340 Pompotes
510 5266 629 5336 intrent,
644 5269 777 5328 sociante
789 5268 897 5338 fructu,
1167 5281 1220 5336 Per
1233 5281 1482 5341 misericordiam.

447 5357 551 5427 Regna
564 5355 715 5429 polorum.
1167 5368 1726 5439 Auttptonai.0stcndenobisDomine
1735 5371 1965 5432 misericordiam

378 5443 508 5503 Gloriam
522 5443 633 5518 psallat
644 5444 765 5515 chorus,
780 5449 809 5503 et
821 5446 951 5519 resultet,
1132 5459 1214 5512 tuam
1232 5472 1238 5512 :
1251 5456 1280 5511 P.
1294 5457 1465 5517 litsalutars
1478 5462 1563 5518 tuum
1572 5461 1614 5520 da
1625 5462 1725 5522 nobis.
1738 5463 1770 5524 tl·
1782 5461 1967 5522 Utconiitaa·

360 5532 493 5592 Gloriam
504 5532 594 5604 dicat,
607 5539 705 5605 canat,
721 5538 750 5595 ct
761 5533 915 5606 revolvat3
1132 5559 1204 5604 mur
1215 5547 1333 5606 nomini
1352 5554 1456 5610 sancto
1470 5553 1522 5610 tuo
1541 5555 1593 5610 :et
1603 5550 1966 5623 gloriemurinlaudetua
