4117 6175
49 29 392 124 πῆ,

65 326 121 380 525
657 322 833 379 DOMINICA
851 323 875 378 V
894 280 1197 391 QDADRAGESIMAE.
1721 336 1775 390 526

66 450 223 505 adsersus
234 463 305 503 suos
316 466 322 505 :
334 450 411 504 Num
427 447 568 519 ignoretis
582 447 729 518 quoniam
755 462 892 520 princeps
914 449 940 503 Λ
953 450 1324 520 autemregnevittriginta
1350 451 1445 507 trihus
1457 454 1544 509 annis
1554 470 1642 528 super
1649 472 1772 521 omnem

67 538 223 595 maximus
237 536 342 593 ceeidit
356 534 603 593 hodieintsraett
617 538 679 609 Ego
690 541 788 593 sutem
798 536 899 593 adhue
953 537 1042 593 israel
1052 538 1207 595 etiudem.
1220 540 1252 595 Et
1260 538 1332 595 abiit
1339 543 1430 603 ronst
1439 556 1545 600 omnes
1558 543 1612 600 viri
1621 547 1674 617 qui
1688 554 1774 605 erant

69 626 225 692 delicatus,
241 629 269 683 et
287 630 395 684 unctus
405 640 474 685 rex:
492 641 583 699 porro
596 625 649 681 riri
659 625 770 684 istifilii
789 626 898 683 sarvie
952 640 1021 680 eum
1030 641 1075 696 eo,
1086 626 1118 683 in
1131 628 1372 693 Hierusalem,ad
1384 628 1570 687 Jsbnsaeum
1577 632 1774 695 habitatorem

69 715 142 770 duri
154 718 224 771 sunt
238 712 309 769 mihi
320 730 327 766 :
338 712 482 770 retribuat
490 712 635 771 Dominus
650 713 769 771 facienti
784 712 899 771 malum
953 716 1038 769 terrae
1049 730 1055 767 τ
1068 714 1241 788 dictumque
1251 720 1293 772 est
1303 717 1440 774 Davideb
1451 718 1494 774 eis
1504 735 1510 771 :
1521 720 1584 774 Non
1605 719 1775 790 ingredieris

68 804 161 874 jnstn
169 800 314 859 mahhem
327 816 426 859 suum.
442 802 532 873 (Cup.
548 802 602 869 ru.)
616 801 846 859 Audiritautem
860 804 899 856 ts·
951 800 1022 865 hue,
1034 802 1092 859 nisi
1103 802 1260 859 abstuleris
1272 819 1369 861 eaeoos
1379 804 1542 863 etolaudos
1551 805 1682 865 dieentes
1693 824 1699 863 :
1712 811 1776 865 Non

70 888 896 963 bosethfitinsSaul‚quodrecidissettthnerinttsbron:
953 888 1135 959 ingredietur
1156 891 1248 947 David
1262 892 1332 949 hue.
1354 893 1435 965 Cepit
1445 898 1544 951 autem
1562 894 1658 953 David
1676 911 1778 953 areem

71 983 104 1037 et
117 977 273 1035 dissolute
282 981 352 1035 sunt
367 992 475 1035 manus
484 976 558 1049 ejus,
566 977 726 1053 omnisque
741 976 900 1051 tsraeiper-
953 976 1036 1047 Sion,
1046 978 1110 1035 hue
1125 984 1169 1035 est
1181 978 1283 1037 civitas
1297 980 1399 1037 David.
1414 981 1615 1055 Proposuerat
1625 984 1707 1041 enim
1721 984 1778 1041 Da-

71 1068 215 1124 tnrbetns
232 1070 284 1123 est.
299 1068 363 1122 Duo
378 1072 480 1123 autem
503 1066 558 1122 viri
582 1067 733 1139 principes
748 1067 900 1125 lenonum
953 1063 1006 1121 vid
1025 1064 1056 1123 in
1075 1065 1123 1124 die
1142 1066 1192 1123 iiia
1210 1066 1381 1140 premium,
1402 1068 1454 1140 qni
1473 1068 1668 1141 percussisset
1689 1070 1778 1127 tebn-

72 1160 161 1215 erant
172 1154 237 1213 titio
251 1154 451 1221 saumones
465 1155 518 1211 nni
533 1157 643 1220 mana,
657 1159 802 1213 etoemen
816 1155 900 1213 alteri
955 1170 1061 1221 smum,
1078 1160 1106 1210 et
1116 1153 1257 1223 tetigisset
1270 1153 1426 1211 domatum
1436 1154 1593 1221 fistulas,et
1607 1156 1779 1215 obstulisset

71 1242 260 1313 Reehahiitii
272 1244 420 1298 Remmon
430 1242 584 1299 Berothitae
596 1242 634 1301 de
643 1242 712 1299 tiliis
722 1243 876 1314 Denjemin
891 1259 898 1301 :
955 1258 1052 1299 eaeeos
1067 1244 1096 1299 et
1110 1242 1234 1299 claudos
1245 1242 1378 1300 odientes
1387 1242 1522 1301 animem
1537 1244 1632 1304 David
1645 1262 1651 1301 ε
1668 1244 1778 1303 ideireo

71 1331 226 1406 siqnidem
240 1333 269 1387 et
288 1329 394 1387 Deroth
405 1334 544 1401 reputata
570 1334 616 1387 est
633 1328 664 1386 in
680 1331 856 1402 Beniamin:
873 1334 902 1387 et
954 1329 1262 1403 dieiturinproverbio
1279 1330 1779 1391 :ceeusstetuudusnooiutrsbuot

71 1421 216 1491 fugerunt
233 1418 389 1474 Berothitae
402 1418 434 1474 in
444 1418 584 1483 Gethnim,
599 1418 779 1493 fueruntque
792 1419 836 1475 ibi
850 1420 902 1475 ad·
954 1418 986 1476 in
996 1416 1153 1489 templum.
1165 1428 1199 1489 lp.
1209 1421 1314 1475 Amen.

71 1524 158 1567 sense
169 1521 267 1580 usqne
286 1505 326 1563 ad
342 1510 461 1578 tempus
475 1505 559 1563 ittud.
576 1508 646 1563 Erat
655 1512 755 1565 eutem
767 1507 902 1565 tonathm
990 1506 1168 1577 Antiphone
1181 1510 1207 1561 t.
1223 1506 1330 1563 Omnia
1343 1522 1415 1563 osse
1426 1522 1495 1565 msa
1507 1507 1610 1565 dieeni
1625 1510 1780 1576 :Domine

72 1598 136 1653 titio
148 1594 219 1655 Saul
228 1594 308 1652 fitius
318 1592 426 1651 debilis
437 1593 565 1666 pedibus
579 1612 586 1651 :
600 1595 805 1671 quinquennis
821 1596 901 1653 enim
955 1593 1025 1667 quis
1031 1590 1357 1667 similistibitEripiens
1367 1594 1399 1652 in
1411 1594 1646 1667 opsmdemenu
1652 1597 1781 1657 fortioris

73 1686 139 1753 fuit,
155 1683 280 1757 qnando
294 1680 375 1739 venit
387 1682 515 1739 nuncius
530 1681 568 1738 de
593 1683 663 1739 Saul
675 1688 704 1739 et
724 1683 853 1741 Jonatha
865 1698 902 1741 ex
957 1682 1034 1753 ejus,
1044 1685 1208 1753 etegenum
1219 1685 1247 1737 et
1255 1682 1659 1755 pauperemadiripientihus
1666 1685 1781 1747 sumu.

72 1773 187 1831 Iezreel
197 1788 206 1827 ε
217 1771 435 1845 tollensitaque
448 1787 519 1829 eum
528 1772 704 1837 nutrirem,
717 1770 800 1843 fugit:
817 1789 900 1831 eum·
919 1780 943 1838 Β
958 1774 1135 1843 Esurgentes
1141 1774 1228 1827 testes
1237 1770 1613 1845 iniquiquaeignorebam,
1621 1774 1783 1847 interroga-

74 1878 136 1935 que
145 1860 297 1917 festinaret
312 1864 344 1916 nt
354 1858 588 1930 ingeret,eeeidit
598 1864 628 1917 et
643 1858 769 1917 claudus
780 1861 902 1918 effeetus
955 1860 1031 1917 bunt
1040 1874 1099 1916 me.

75 1955 126 2007 est
139 1965 152 2004 .·
163 1948 321 2021 habuitque
333 1947 514 2005 vocabulum
526 1947 734 2021 miphiboseth.
748 1950 903 2007 Venientes
994 1948 1104 2004 Oratio.
1127 1948 1251 2005 Domine
1263 1948 1341 2005 Deus
1370 1949 1464 2008 virtus
1477 1950 1581 2009 salutis
1598 1956 1717 2019 nostro.
1730 1952 1784 2009 oh·

74 2037 170 2109 igitur
183 2035 236 2093 iiiii
245 2038 390 2093 Remmon
400 2036 564 2101 Berothitae,
575 2036 696 2094 Deehab
706 2042 734 2093 et
748 2037 903 2103 ttaanain·
961 2035 1069 2093 umbra
1083 2040 1174 2109 eaput
1197 2041 1334 2093 nostrum
1347 2037 1379 2093 in
1394 2036 1501 2094 diebus
1514 2038 1604 2097 beili:
1620 2055 1658 2097 ne
1670 2039 1785 2098 insidiis

77 2126 174 2198 gressi
188 2124 396 2183 sunttervents
410 2124 458 2182 die
472 2124 599 2183 domum
611 2125 757 2181 lsboseth:
772 2126 825 2197 qui
839 2126 907 2181 dor·
960 2124 1241 2197 quatiamurinimiei
1251 2141 1258 2189 ;
1268 2125 1515 2183 neelstentiasub
1525 2126 1785 2187 invidorumtsbsis

76 2214 193 2271 miebat
203 2229 294 2286 super
305 2218 431 2270 stratum
444 2228 533 2270 suum
544 2212 712 2271 meridient
726 2212 845 2269 ostiaria
855 2213 908 2271 do-
960 2211 1137 2267 hauriamus
1146 2226 1259 2268 venena
1269 2234 1275 2267 :
1287 2213 1513 2285 etquistuiaois
1521 2214 1668 2285 judieium
1676 2216 1784 2288 inopiae

78 2320 143 2359 mus
153 2312 290 2375 purgans
299 2299 625 2358 tritieumobdormisit.
640 2301 765 2372 ingressi
773 2306 843 2358 sunt
854 2317 908 2358 au·
961 2299 1785 2375 etvindietsmpeuperis3eontemptumnostrmahjeotio-

79 2396 141 2449 tem
151 2392 277 2449 domum
301 2389 425 2447 latenter
437 2393 624 2447 assumentes
646 2389 745 2462 spicas
771 2390 867 2458 tritici,
880 2394 909 2445 et
961 2387 1170 2452 nis,h0nitatis
1185 2393 1243 2445 tuae
1258 2405 1420 2463 compensa
1433 2390 1555 2449 divitiis.
1567 2396 1715 2462 [pumen.

78 2481 368 2554 percusserunteum
377 2476 538 2548 ininguine
547 2476 909 2535 ReehahetBaanatrater
996 2477 1170 2547 Antiphone
1183 2482 1210 2533 2.
1229 2478 1329 2535 Dicam
1343 2479 1403 2535 Deo
1411 2495 1480 2537 meo
1494 2496 1500 2533 ε
1517 2480 1676 2555 Suseeptor
1690 2497 1785 2548 mens.

80 2569 156 2643 ejus,
172 2571 203 2625 et
218 2566 366 2638 fugerunt.
383 2566 566 2623 Cumautem
578 2566 704 2635 ingressi
719 2564 909 2622 tuissentdo·
963 2581 1055 2640 quere
1070 2565 1129 2621 mei
1141 2564 1250 2621 obiitus
1260 2580 1291 2619 es
1306 2563 1320 2618 t
1335 2566 1433 2631 Quare
1447 2566 1537 2621 tristis
1548 2582 1589 2633 es,
1605 2569 1708 2625 anima
1718 2584 1789 2627 mea

81 2655 234 2722 mum,ilie
244 2653 909 2728 dormiebatsuperlaotnmsuumineonelavi,
963 2656 991 2710 ei
1010 2668 1103 2725 quere
1119 2668 1166 2707 me
1180 2650 1365 2708 conturbas?
1382 2651 1413 2711 t.
1427 2652 1510 2709 Siout
1522 2669 1627 2711 cervus
1639 2655 1790 2714 desiderat

83 2742 612 2821 etperentientesinterieeerunteum:
625 2742 910 2817 sublatoqueeapite
964 2742 1004 2799 sd
1014 2740 1331 2813 tontesaquarnm:ite
1338 2737 1486 2797 desiderat
1493 2741 1596 2797 anima
1616 2757 1685 2799 men
1703 2742 1744 2799 ad
1760 2744 1789 2799 te

83 2834 158 2905 ejus,
176 2832 315 2889 abierunt
328 2846 383 2904 per
394 2830 475 2888 viam
487 2828 596 2886 deserti
612 2833 674 2886 tota
688 2833 785 2895 noete,
794 2832 822 2886 et
836 2833 911 2887 attu·
964 2831 1050 2887 Deus.

83 2920 185 2978 ierunt
205 2922 298 2994 eaput
314 2918 450 2976 isboseth
467 2918 506 2975 ad
520 2918 614 2975 David
626 2918 656 2975 in
673 2917 809 2977 Hebron:
831 2918 912 2975 dixe-
1002 2918 1115 2974 Oratio.
1133 2916 1242 2974 Christe
1255 2922 1409 2990 susceptor
1424 2921 1524 2975 noster
1534 2932 1595 2975 non
1605 2917 1790 2977 obliviscaris

84 3013 218 3083 ronique
232 3007 271 3065 ad
290 3022 392 3079 regem
407 3027 414 3067 :
433 3007 507 3065 Eece
526 3010 616 3079 eaput
627 3006 763 3063 isboseth
775 3004 827 3063 filii
843 3005 914 3065 Saul
965 3004 1060 3065 nostri
1071 3022 1182 3079 ·,neque
1192 3005 1260 3061 inin
1268 3004 1486 3063 tristitiavertas
1497 3007 1615 3065 animas
1626 3011 1753 3065 nostres:
1762 3010 1792 3063 et

85 3097 203 3156 inimici
211 3096 477 3170 tui‚quiquaerebnt
489 3097 709 3154 animantuam
720 3101 762 3152 :et
771 3095 913 3156 deditDo
928 3119 949 3180 c
965 3097 1019 3172 qni
1030 3095 1212 3153 conturbent
1222 3111 1287 3162 nos,
1300 3099 1510 3154 convertantur
1525 3111 1531 3152 :
1549 3101 1577 3154 et
1590 3100 1727 3170 quoerant
1740 3112 1792 3156 no

85 3190 190 3246 minus
203 3185 328 3245 domino
338 3202 406 3242 meo
416 3185 479 3258 regi
499 3185 644 3244 ultionem
654 3185 743 3243 hodie
752 3185 789 3242 de
803 3185 914 3258 Saut,et
967 3189 1292 3243 mensanctumtuum:
1313 3184 1345 3239 ut
1356 3201 1424 3242 enm
1439 3186 1470 3242 in
1482 3184 1721 3257 utrosqueiueris
1730 3185 1793 3256 glo-

86 3277 123 3334 de
139 3275 257 3333 semine
266 3275 342 3347 ejus.
355 3274 546 3347 Respondens
559 3279 657 3331 autem
673 3272 767 3330 David
782 3274 912 3342 Rechab,
967 3275 1111 3342 rificatus,
1131 3273 1239 3329 demus
1265 3271 1392 3344 gloriam
1419 3272 1534 3329 nomini
1557 3276 1660 3329 saneto
1680 3276 1742 3329 tuo.
1758 3283 1790 3342 is.

85 3373 115 3424 et
129 3368 235 3423 Deann
246 3363 329 3421 tratri
340 3364 416 3434 eJus,
428 3362 496 3420 filiis
508 3365 656 3420 Remmon
666 3361 833 3432 berosum,
842 3361 916 3419 dixit
969 3365 1073 3418 Amen.

86 3453 125 3512 sd
136 3470 192 3512 eos
207 3449 519 3522 :VivitDominns,qui
530 3451 606 3506 eruit
621 3449 754 3508 animam
768 3465 869 3506 meam
877 3449 915 3506 de
1004 3453 1068 3506 Per.

87 3542 170 3600 omni
185 3539 335 3612 angustia,
350 3537 495 3612 quoniam
511 3555 591 3602 eum,
611 3537 665 3612 qui
681 3537 917 3596 annunciaverat
1006 3539 1179 3609 Antiphone
1204 3543 1229 3596 3.
1256 3539 1340 3613 Eripe
1364 3555 1412 3596 me
1427 3537 1465 3597 de
1476 3537 1604 3597 inimicis
1616 3539 1703 3606 meis,
1714 3539 1792 3596 Deus

87 3629 172 3692 mihi.
186 3631 216 3685 et
229 3626 347 3684 dixerat
358 3643 366 3680 ε
379 3629 508 3683 itortuus
521 3632 564 3683 est
576 3625 664 3684 Saule
680 3627 728 3699 qui
743 3627 871 3700 putabat
885 3641 916 3683 se
970 3643 1057 3684 meus
1067 3646 1074 3683 :
1084 3626 1157 3683 etad
1166 3625 1425 3697 insurgentibusin
1433 3627 1646 3700 meliberame‚
1657 3627 1792 3686 Domine.

88 3733 236 3791 prospere
248 3713 496 3781 nunciare‚tenui,
512 3716 541 3771 et
557 3713 652 3771 occidi
665 3714 777 3772 eumin
793 3715 916 3790 Sieeteg,
970 3714 1001 3776 tt.
1019 3715 1104 3786 Eripe
1117 3729 1165 3770 me
1177 3713 1214 3770 de
1229 3715 1423 3786 operantibus
1447 3715 1623 3788 inquitatem
1641 3733 1646 3770 :
1663 3719 1692 3772 et
1705 3715 1742 3772 de
1755 3715 1795 3771 vi-

90 3802 918 3878 euioportehatmereedemmedarepronunei0.0uento
971 3803 1012 3860 ris
1020 3803 1201 3875 sanguinum
1216 3801 1309 3859 libere
1321 3819 1380 3861 me.

89 3896 187 3966 magis
195 3891 505 3958 nune‚eumhomines
517 3891 596 3965 impii
605 3891 918 3952 interfeceruntvirum
1007 3892 1155 3962 Hymnus.
1170 3891 1191 3947 0
1205 3893 1362 3958 Nazarene,
1379 3890 1441 3948 lux.
1456 3893 1512 3964 lot.
1533 3893 1592 3950 tte.

90 3979 252 4038 innoxium
267 3981 299 4037 in
310 3980 403 4037 domo
416 3997 482 4051 sua,
505 3995 595 4052 super
615 3981 726 4037 lectum
742 3997 841 4047 suum,
856 3997 919 4037 non
1009 3981 1122 4037 Oratio.
1132 3979 1214 4052 Eripe
1227 3993 1282 4036 nos
1298 3979 1423 4037 Domine
1438 3981 1475 4038 de
1491 3981 1617 4039 inimicis
1628 3983 1738 4040 nostris
1750 4001 1756 4038 :
1768 3985 1797 4040 et

91 4068 919 4144 quaeromsanguinemejusdemanuvestre‚etauieram
973 4067 1796 4144 quituampronobisdignatusesponereanimam:nos

89 4176 152 4214 vos
164 4157 204 4214 de
214 4158 314 4215 terra?
327 4156 472 4230 Prmeepit
484 4157 586 4230 itaque
602 4157 696 4214 David
706 4157 805 4229 pueris
818 4157 920 4225 suiset
974 4157 1013 4215 sb
1025 4155 1248 4228 insurgentibus
1273 4157 1304 4214 in
1318 4173 1374 4214 nos
1386 4156 1482 4214 libere
1496 4173 1724 4233 usquequaque.

90 4245 304 4305 interiecerunt
316 4262 385 4305 eos:
401 4246 779 4320 praesidentesquemanus
792 4246 919 4320 etpedes
1008 4244 1092 4302 Pater
1101 4247 1210 4300 noster.

89 4333 919 4408 eorum,snspenderunteossuperpiseinaminHebron:
1265 4335 1315 4391 Ad
1334 4335 1501 4406 Vesper-um.

89 4427 185 4498 eaput
198 4427 299 4480 autem
312 4419 446 4479 isboseth
454 4421 593 4494 tulerunt,
608 4425 637 4480 et
651 4422 867 4495 sepelieruntin
877 4441 921 4481 se·
1009 4423 1127 4482 Lauda.
1138 4421 1317 4480 illuminatio
1326 4440 1394 4481 mea
1402 4430 1430 4482 et
1438 4425 1518 4482 sulus
1527 4439 1595 4482 mee
1604 4425 1758 4483 Dominus.

89 4511 358 4590 putehrobbnerin
367 4511 495 4568 Hebron.
504 4512 637 4585 (Capu.)
658 4512 691 4567 Et
699 4517 846 4569 uenerunt
854 4513 920 4571 uni·
1010 4511 1193 4582 Antiphone.
1202 4511 1447 4585 Praeoeenpemus
1457 4513 1564 4570 faeiem
1576 4515 1625 4569 Dei
1639 4513 1670 4570 in
1684 4513 1801 4570 contes-

89 4619 188 4659 sersre
199 4599 295 4657 tribus
305 4599 394 4656 lsrael
408 4601 446 4656 ad
460 4599 554 4656 David
566 4601 597 4655 in
619 4599 747 4666 Debron,
760 4600 893 4657 dicentes
912 4617 919 4660 :
975 4602 1069 4668 sione,
1089 4604 1117 4657 et
1131 4601 1162 4656 in
1175 4599 1298 4673 psalmis
1310 4600 1471 4672 jubilemus
1483 4601 1519 4656 ei.
1530 4601 1664 4659 Psaimes
1676 4617 1755 4659 xotv.

95 4691 188 4766 309
201 4692 276 4746 ltere
287 4703 398 4759 nosos
409 4693 504 4756 tuum,
517 4692 546 4744 et
555 4704 624 4746 caro
636 4693 686 4745 tue
697 4705 814 4746 sumus.
824 4689 881 4746 Sed
894 4693 923 4747 et
1010 4689 1124 4748 doum.
1140 4689 1185 4745 Ab
1200 4689 1283 4747 omni
1303 4691 1352 4746 sie
1367 4689 1447 4746 maia
1460 4689 1586 4761 prohibe
1599 4689 1690 4761 pedes
1704 4699 1798 4754 meos,

93 4781 195 4838 hertei
203 4777 430 4843 nudiustertius,
440 4793 510 4834 eum
518 4781 597 4834 esset
606 4777 676 4836 Saul
687 4794 738 4834 rex
749 4795 840 4854 super
853 4796 921 4850 nos,
975 4777 1112 4836 Domine.
1128 4775 1162 4838 i.
1183 4777 1341 4842 Quomodo
1350 4777 1545 4846 dilexiiegem
1556 4781 1649 4847 tuom,
1659 4771 1802 4832 Domine?

94 4874 208 4924 tueras
222 4865 353 4924 educens
366 4869 394 4923 et
407 4865 554 4923 reducens
566 4865 657 4922 israel
686 4883 692 4922 2
721 4867 797 4924 dixit
822 4872 923 4926 autem
976 4871 1039 4926 tota
1056 4865 1104 4924 die
1119 4865 1419 4923 meditatiomeaest.

96 4957 244 5015 Dominus
255 4957 296 5012 ad
305 4956 511 5029 te:Tupasees
519 4955 667 5029 poputum
679 4972 782 5013 meum
791 4955 925 5023 lsrael‚et
1011 4957 1159 5026 Hymnus.
1175 4953 1304 5012 Verbum
1315 4954 1417 5011 Patris.
1428 4956 1475 5026 fol
1486 4959 1548 5011 252.

95 5051 129 5102 tu
142 5043 478 5118 erisduxsuperlsrael.
494 5047 773 5117 Veneruntqnoque
789 5047 817 5101 et
828 5045 924 5102 senio·
1014 5044 1126 5101 Lauda.
1149 5043 1218 5099 Vide
1231 5042 1427 5104 humilitatem
1443 5055 1554 5102 mesm.

14 5148 15 5163 ¹
93 5151 144 5192 res
155 5132 247 5192 isreel
258 5133 409 5206 adregem
419 5131 450 5190 in
463 5133 591 5199 iiehron,
606 5136 633 5190 et
642 5131 790 5206 percussit
802 5149 871 5190 enm
882 5131 925 5189 eis
1281 5148 1388 5197 ourani
1407 5149 1494 5190 rusia.

95 5238 149 5279 rex
159 5221 254 5279 David
268 5219 369 5279 foedus
381 5218 412 5277 in
424 5221 542 5278 Hebron
556 5236 659 5277 eoram
673 5221 800 5278 Domino
815 5237 820 5277 :
835 5237 927 5279 unxe-
1264 5221 1313 5278 Ao
1328 5221 1525 5282 Mutationem.

94 5315 230 5383 suntque
237 5309 335 5367 Desid
342 5310 374 5366 in
381 5311 490 5379 itegem
500 5307 699 5381 superlsreel.
714 5308 801 5365 Filius
810 5309 928 5382 triginta
1016 5307 1197 5379 Antiphone.
1213 5309 1292 5366 Multi
1308 5310 1539 5383 insurgeruntin
1550 5327 1607 5368 me.
1617 5309 1696 5367 Multi
1703 5307 1807 5364 dieunt

96 5414 246 5456 annorum
259 5401 325 5454 erat
337 5395 441 5464 David,
452 5395 484 5453 in
499 5411 564 5452 eum
578 5413 705 5468 regnare
722 5415 766 5454 eoe
779 5399 881 5471 pisset,
900 5401 929 5456 et
982 5401 1091 5458 animm
1106 5415 1181 5456 mem
1211 5415 1218 5454 ι
1250 5401 1314 5458 Non
1329 5404 1374 5456 est
1394 5401 1475 5458 satus
1487 5401 1544 5474 ipsi
1557 5401 1588 5458 in
1600 5401 1660 5456 Deo
1671 5397 1750 5468 eius.
1765 5398 1808 5454 Tn

96 5485 929 5562 quadragintaannisregnavitlnHebronrogavitsuper
983 5494 1084 5547 sutem
1100 5487 1224 5544 Domine
1244 5495 1397 5560 susceptor
1405 5500 1495 5546 meus
1505 5504 1547 5544 ss.
1560 5487 1699 5546 Psotmus
1712 5501 1758 5551 m...

97 5574 531 5654 indamseptamennisetsex
541 5575 930 5634 mensibus2in1iiernsaiem
1022 5575 1136 5634 Oratio.
1156 5573 1336 5654 itultiplieati
1351 5580 1430 5652 sunt,
1443 5576 1577 5647 Domine,
1593 5573 1645 5654 qui
1666 5573 1810 5638 tnhmsnt
