4117 6175
295 249 363 304 taes
933 233 1158 294 anarrinon
1177 235 1373 296 uorureuu.
1925 243 1986 296 raes
2050 207 2051 210 ‘

398 367 466 424 lam
479 363 643 423 nosioveto
658 361 828 434 languidos.
1130 359 1291 436 AadJ'ntor
1313 379 1409 422 meus.
1436 363 1467 421 P.
1486 364 1562 422 Scio.
1585 361 1616 424 r.
1644 361 1756 430 Gloria,
1780 367 1810 420 et
1839 361 1938 420 bonor.
1958 364 1983 418 P.
2050 363 2051 414 3

364 457 531 526 Curamque
548 453 639 510 nostri
654 451 771 524 suscipe
784 470 793 522 ;
1169 450 1247 508 Seio.
2050 435 2051 520 l

293 539 297 546 '
363 547 428 610 Quo
442 559 496 616 per
510 541 611 601 Crucis
622 541 776 598 victoriam
1205 539 1317 598 Oratio.
1332 541 1441 600 Sancte
1452 540 1504 598 Dei
1519 540 1669 614 Aposlote,
1684 539 1745 612 qui,
1760 539 1814 596 diu
1829 539 1984 610 fatigatam,
2050 523 2051 562 ³

362 631 432 690 Coeli
445 638 585 706 petamus
599 630 736 702 patriam.
1169 630 1291 686 Crucem
1303 629 1334 687 in
1349 635 1401 687 tua
1415 629 1629 702 expectatione,
1640 627 1761 687 tandem
1774 629 1985 702 requievissem
2050 633 2051 652 ³

397 721 510 779 Praesta
523 724 607 777 Pater
621 719 823 792 omnipotens,
1169 721 1220 774 tua
1236 717 1435 790 perventione,
1449 717 1508 792 piis
1523 717 1680 775 affectibus
1702 715 1816 774 clamas
1843 736 1850 775 :
1867 717 1986 773 concede
2050 693 2051 780 l

362 811 418 866 Per
430 811 534 866 lesum
547 807 695 866 Christum
709 805 881 873 Dominum,
1166 804 1291 878 plenum
1305 805 1391 863 nobis
1406 805 1552 879 gaudium
1565 807 1596 862 in
1609 809 1661 863 tua
1673 804 1813 877 passione
1826 804 1948 870 habere,
1961 809 1986 860 ut
2050 795 2051 860 l

364 899 418 965 Qui
434 903 527 956 tecum
539 899 569 954 in
584 902 764 971 perpetuum
1168 893 1312 964 suffragio
1326 899 1377 951 tuo
1386 893 1614 952 nobisfuturum
1625 908 1924 967 praeparesregnum,
1933 895 1987 967 qui-

361 991 476 1058 Regnat
487 1003 556 1044 oum
573 989 680 1044 Sancto
696 985 815 1059 Spiritu.
1167 980 1224 1039 bus
1251 999 1312 1040 non
1337 991 1397 1041 tam
1412 981 1514 1050 verbo,
1543 981 1596 1040 sed
1621 988 1650 1040 et
1676 981 1822 1052 sanguine
1848 981 1987 1056 reliquisti
2050 935 2051 1026 i

396 1079 505 1134 Amen.
1166 1071 1382 1146 exemplorum,
1392 1073 1595 1145 virtutumque
1604 1070 1831 1129 documentum.
1845 1082 1878 1140 ip.
1891 1071 1986 1126 Amen.

323 1163 514 1237 snpplicatio.
531 1167 666 1230 Oramus,
682 1170 831 1235 utsupra.
1202 1159 1261 1220 Per
1274 1159 1520 1218 misericordiam.

322 1253 615 1323 capitatachristus
627 1252 771 1309 Dominus
786 1253 899 1317 noster,
914 1247 967 1321 qui
977 1245 1113 1304 beatissi·
1200 1249 1383 1320 Antiniana.
1405 1251 1486 1306 Bona
1498 1249 1585 1314 Crux,
1602 1247 1703 1321 accipe
1719 1261 1776 1315 ma,
1792 1250 1822 1304 et
1835 1245 1931 1305 redde
1948 1264 1988 1304 me

285 1355 371 1398 mum
383 1342 545 1413 Andream,
562 1347 590 1398 et
602 1340 793 1411 Apostolatus
804 1336 910 1409 gratia,
926 1342 955 1392 et
977 1333 1112 1408 martyrii
1167 1337 1291 1395 Domino
1305 1353 1373 1395 meo
1388 1353 1393 1392 :
1413 1337 1444 1394 P.
1459 1339 1536 1404 Ouia
1549 1352 1600 1410 per
1615 1343 1642 1394 te
1656 1335 1784 1393 redemit
1806 1351 1855 1394 me
1870 1336 1929 1404 ilie,
1944 1337 1988 1410 qui

285 1427 435 1486 decorasti
447 1446 558 1486 corona
575 1429 654 1496 ;boc
668 1427 709 1484 illi
733 1425 900 1500 specialiter
926 1425 957 1482 in
987 1437 1112 1481 munere
1166 1425 1308 1500 pependit
1321 1425 1351 1482 in
1367 1431 1405 1485 te.
1419 1425 1452 1487 l.
1468 1425 1547 1482 Deus
1562 1425 1593 1482 in
1607 1429 1633 1484 te
1644 1425 1762 1498 speravi
1782 1425 1921 1494 Domine,
1935 1441 1989 1482 non

285 1524 441 1590 praestans,
457 1523 490 1574 ut
513 1518 613 1576 Crucis
640 1515 835 1590 praedicando
857 1513 1046 1587 mysterium,
1072 1496 1148 1572 adss
1166 1515 1334 1574 confundar
1343 1517 1373 1572 ln
1384 1523 1529 1573 aeternum
1543 1533 1550 1572 :
1562 1517 1593 1573 iu
1604 1519 1657 1573 tua
1665 1513 1781 1588 justitia
1789 1513 1886 1572 libera
1897 1531 1954 1580 me,
1966 1521 1991 1572 et

285 1605 387 1662 Crums
402 1611 564 1663 mereretur
583 1605 737 1679 pervenire
762 1603 950 1677 patibulum:
963 1603 1000 1659 da
1013 1601 1109 1668 nobis,
1165 1604 1255 1678 eripe.
1271 1605 1301 1660 P.
1316 1605 1391 1671 Quia
1405 1619 1459 1678 per
1474 1613 1503 1661 te
1520 1602 1656 1661 redemit.
1674 1603 1704 1665 li·
1727 1601 1838 1671 Gloria,
1856 1607 1886 1660 et
1900 1602 1990 1660 honor

284 1695 318 1748 ut
333 1698 441 1750 sancta
461 1695 562 1751 Crucis
572 1700 630 1753 tutu
658 1692 808 1750 verissimi
828 1697 979 1750 amatores
1002 1689 1110 1757 effecti,
1165 1692 1254 1750 Patri.
1267 1693 1298 1748 P.
1314 1693 1390 1760 Quia
1405 1707 1459 1766 per
1474 1697 1512 1749 te.

283 1778 467 1853 abnegantes
493 1783 696 1856 nosmetipsos
733 1781 871 1840 tollamus
893 1780 1016 1836 Crucem
1043 1794 1110 1837 nos·
1202 1781 1314 1839 Oratio.
1338 1781 1438 1839 Crucis
1458 1785 1528 1845 tum,
1549 1780 1684 1846 Domine,
1706 1795 1809 1837 amore
1834 1778 1991 1852 Apostolus

282 1871 372 1936 bam,
385 1878 413 1927 et
424 1887 587 1946 sequamur
600 1877 648 1930 te:
665 1875 697 1929 ut
725 1869 918 1944 passionibus
928 1869 986 1927 tuis
1008 1867 1039 1925 in
1052 1869 1110 1926 hac
1165 1874 1233 1929 tuus
1244 1874 1273 1928 et
1288 1875 1402 1944 martyr
1412 1870 1547 1927 Andreas
1563 1868 1686 1925 mirifice
1698 1867 1843 1939 flagrans,
1859 1885 1916 1941 per
1929 1885 1989 1925 eam

280 1957 343 2014 vita
354 1962 624 2026 communicantes,
641 1959 679 2019 ad
692 1964 836 2017 aeternam
849 1959 941 2016 vitam
956 1957 1110 2032 pervenire
1165 1973 1196 2016 se
1213 1957 1265 2015 tibi
1291 1959 1417 2016 Domino
1440 1973 1495 2014 suo
1514 1957 1598 2014 reddi
1621 1961 1752 2029 exoptet,
1776 1971 1831 2029 per
1852 1971 1948 2028 quam
1964 1972 1990 2011 se

283 2062 455 2107 mereamur
469 2049 583 2107 felices.
1163 2045 1355 2120 redemptum
1369 2061 1435 2104 esse
1447 2061 1510 2103 non
1522 2044 1640 2103 dubitat
1659 2059 1857 2119 :quaesumus
1871 2059 1954 2115 ergo,
1965 2049 1992 2100 ut

319 2135 408 2195 Pater
421 2144 532 2196 noster.
548 2137 707 2195 Liberalia
723 2136 813 2193 malo.
825 2137 880 2207 sol.
902 2139 928 2191 B.
1164 2135 1289 2192 obtentu
1302 2135 1378 2208 ejus,
1392 2135 1483 2208 quiin
1495 2133 1631 2192 caCruee
1640 2131 1792 2207 pependit,
1807 2131 1933 2189 feliciter
1942 2147 1991 2188 nus

321 2225 695 2298 BenedictioDmnipotens
704 2223 1110 2298 Dominus‚quianimamAn·
1164 2239 1183 2282 a
1202 2224 1315 2282 cunctis
1331 2227 1465 2298 potenter
1479 2222 1612 2296 digneris
1626 2221 1736 2279 lutura
1748 2218 1870 2278 ultionis
1884 2221 1992 2278 crucia·

282 2321 360 2376 Deae
373 2314 503 2388 Apostoli
517 2313 650 2387 suscepit
658 2313 690 2370 in
703 2313 805 2377 Cruce,
819 2313 858 2370 ab
875 2310 960 2368 omni
975 2311 1111 2368 cruciatu
1164 2313 1243 2372 tibus
1253 2313 1390 2371 liberare.
1406 2325 1439 2387 p.
1455 2318 1560 2369 Amen.

279 2401 781 2464 vosliberetdamnationiseternoc
792 2419 802 2471 ς
815 2411 848 2472 n.
864 2406 968 2457 Amen.
986 2402 1029 2465 Bt,
1047 2413 1109 2474 quo
1200 2401 1256 2459 Per
1267 2401 1517 2459 misericordiam.

281 2494 471 2569 praedicante,
484 2490 646 2566 adquisivit
655 2490 712 2547 sibi
738 2489 866 2563 populos
879 2487 1056 2554 credituros,
1073 2502 1110 2545 eo
1199 2502 1233 2563 lp.
1248 2492 1296 2550 Vir
1311 2497 1432 2550 sanctus
1444 2491 1507 2560 Dei,
1522 2489 1596 2547 dum
1618 2489 1764 2563 aspiceret
1778 2487 1903 2554 coelum,
1926 2504 1991 2545 voca
2050 2547 2051 2566 ,

280 2588 430 2659 manante,
446 2578 887 2650 credentesefficiatgloriosos3
900 2589 932 2648 n.
953 2584 1057 2634 Amen.
1075 2577 1110 2634 Ut
1164 2595 1278 2652 magua
1292 2580 1430 2638 dicebat:
1454 2581 1497 2638 Bu
1519 2595 1552 2636 es
1576 2581 1653 2636 Deus
1677 2593 1772 2646 meus,
1799 2583 1829 2635 et
1850 2578 1990 2634 Dominus
2050 2569 2051 2572 ’

243 2716 249 2724 .
282 2669 610 2748 exemploAposlolisui
620 2668 720 2726 Crucis
727 2666 833 2724 Christi
842 2670 991 2725 amatores
1001 2664 1108 2734 effecti,
1163 2685 1260 2739 maus,
1276 2685 1367 2744 quem
1388 2667 1455 2734 vidi,
1473 2667 1504 2724 in
1519 2683 1580 2741 quo
1596 2665 1717 2732 credidi,
1743 2681 1834 2738 quem
1848 2665 1952 2722 dilexi.
1965 2665 1988 2720 B.

279 2768 308 2820 et
321 2763 367 2819 bic
380 2761 521 2819 vitiorum
538 2759 684 2833 superetis
694 2755 846 2820 incendia,
863 2759 969 2830 etpost
983 2753 1109 2812 adacter·
1164 2760 1204 2814 lle
1216 2773 1264 2816 me
1280 2757 1403 2830 patiaris
1413 2758 1450 2814 ab
1464 2756 1558 2830 impio
1563 2754 1666 2828 judica
1677 2753 1799 2827 deponi,
1815 2753 1945 2826 quijam
1954 2770 1992 2810 sc·

280 2850 382 2909 nitatis
395 2848 571 2908 mereamini
585 2845 741 2920 pervenire
752 2844 912 2919 promissa.
937 2855 970 2917 n.
996 2844 1103 2900 Amen.
1127 2863 1148 2922 c
1163 2851 1243 2904 crete
1256 2853 1366 2904 sancta
1381 2844 1483 2902 Crucis
1494 2845 1614 2915 agnovi.
1625 2843 1656 2904 ti.
1669 2845 1764 2900 llomo
1776 2841 1831 2899 iste
1845 2843 1992 2916 supplica-

317 2935 632 2993 Permisericordiam.
1162 2935 1217 2992 bat
1231 2934 1262 2991 in
1281 2939 1444 3007 conspectu
1468 2932 1597 3001 Domini,
1612 2932 1715 2990 dicens
1730 2947 1737 2988 ε
1754 2933 1831 2988 neus
1848 2929 1950 2997 Pater,
1969 2936 1992 2988 et

318 3023 432 3080 Lauda.
443 3023 549 3079 Statuit
559 3022 705 3079 Dominus
718 3036 818 3096 supra.
835 3021 890 3093 fol.
918 3037 1001 3079 cavrr.
1163 3024 1337 3082 Dominator
1348 3023 1416 3080 vitre
1425 3037 1510 3080 meae.
1533 3023 1565 3078 P.
1580 3024 1621 3079 Ne
1634 3036 1682 3078 me
1694 3019 1827 3096 patiaris.
1844 3019 1991 3080 bilior-ie.

318 3112 432 3169 Oratio.
444 3111 493 3170 tlir
504 3110 554 3168 Dei
569 3115 690 3168 sanetus
710 3110 856 3180 Andreas,
886 3110 1008 3177 Christe,
1041 3113 1110 3168 tuus
1163 3116 1193 3172 et
1210 3113 1308 3171 honor
1322 3113 1409 3171 Patri·
1424 3115 1454 3169 Ρ.
1471 3114 1511 3169 Na
1523 3126 1572 3169 me
1585 3109 1716 3185 patiaris.

281 3197 329 3258 ille
342 3199 511 3273 Apostolus,
527 3200 580 3273 qui
599 3204 626 3257 te
641 3198 751 3257 vidisse
765 3198 816 3256 illa
827 3198 940 3257 visione
954 3198 1039 3273 pacis
1054 3213 1109 3258 no·
1200 3202 1315 3261 Oratio.
1331 3202 1379 3259 Vir
1397 3199 1446 3258 Dei
1461 3204 1585 3259 sanctus
1603 3198 1750 3257 Andreas.
1763 3198 1868 3267 Qum
1879 3198 1917 3255 ἐκ
1935 3198 1994 3256 Ver·

281 3288 406 3348 vissima
417 3293 609 3364 protestatur,
624 3288 696 3347 dnm
706 3294 823 3346 secreta
835 3294 946 3346 sanctae
960 3288 1062 3346 Crucis
1078 3303 1110 3344 se
1163 3294 1241 3365 peria
1256 3290 1497 3366 precedentibus.

282 3379 444 3450 agnovisse
472 3376 590 3446 nctus,
602 3378 639 3435 sit
652 3393 708 3452 pro
719 3378 807 3435 nobis
826 3378 910 3452 apud
925 3381 953 3437 te
970 3377 1110 3435 interces-
1468 3380 1505 3437 ln
1524 3376 1688 3437 Laudibus.

281 3481 332 3523 sor
346 3464 488 3523 assiduus
506 3482 512 3525 :
529 3472 570 3534 ut,
582 3466 634 3541 qui
644 3471 671 3524 te
683 3465 857 3540 predicavit
878 3482 951 3525 voce
975 3466 1068 3524 simul
1082 3469 1112 3523 et
1199 3470 1249 3528 Aa
1260 3469 1431 3529 Canticum.
1444 3469 1627 3539 Antiphone.
1652 3468 1712 3537 ligo
1733 3465 1763 3521 in
1786 3463 1918 3523 Domino
1937 3465 1995 3537 glo

282 3569 417 3627 corpore,
433 3555 466 3611 lit
492 3554 648 3627 sanguine,
679 3553 767 3611 nobis
781 3554 864 3628 apud
888 3559 917 3611 te
938 3555 1108 3638 opituletur9
1164 3556 1273 3627 riabor,
1289 3558 1430 3629 gaudebo
1444 3557 1475 3614 iu
1487 3556 1557 3623 Deo,
1575 3557 1643 3613 iesu
1656 3569 1733 3612 meo.

281 3647 310 3701 et
329 3642 469 3701 doctrina
481 3642 581 3711 simul,
597 3648 626 3700 et
638 3657 739 3717 prece.
758 3654 789 3714 n.
809 3648 915 3701 Amen.
1201 3648 1369 3707 Canticum.
1379 3645 1503 3704 Domine
1515 3643 1616 3702 audivi
1627 3642 1771 3701 auditum.
1785 3642 1843 3713 tet.
1858 3645 1907 3698 ἥ.

317 3731 626 3790 Permiserieordiam.
1198 3738 1249 3795 Ad
1259 3736 1429 3795 Benedictus
1441 3735 1623 3805 Antiniana.
1641 3733 1806 3791 Benedictio
1827 3732 1952 3789 Domini
1964 3734 1992 3789 in

566 3821 825 3879 Addictutinum.
1164 3825 1334 3885 mercedem
1346 3825 1418 3897 iusti
1428 3824 1559 3882 lestinat.

316 3910 505 3982 Antiniana.
526 3909 618 3968 Labia
632 3924 701 3967 mea
714 3910 847 3967 Domine.
863 3910 1003 3968 Psalmus
1015 3927 1042 3967 a.
1200 3915 1370 3974 Canticum.
1391 3912 1566 3972 Benedictus
1581 3928 1613 3970 es
1627 3909 1762 3968 Domine.
1777 3908 1836 3979 sol.
1851 3912 1877 3966 6.

317 3999 431 4057 Oratio.
452 3998 589 4056 Brultent
603 3997 739 4057 Domine.
756 3998 821 4056 Bet.
837 4014 940 4057 ccxxx.
1198 4003 1284 4062 Sana.
1299 4004 1321 4059 0
1335 4002 1415 4060 bona
1427 4002 1516 4060 Crux.
1528 4002 1631 4069 Quare
1640 4002 1672 4058 in
1686 3998 1817 4071 Vesper-is
1825 4000 1997 4069 pram.

315 4086 503 4158 Antiniana.
518 4087 586 4145 tlibi
601 4087 679 4145 absit
689 4087 821 4159 gloriari,
832 4086 891 4145 nisi
902 4086 934 4143 in
950 4089 1042 4144 cruce
1053 4088 1109 4143 Do·
1166 4092 1256 4151 iiius.

255 4252 259 4259 ι
281 4176 356 4235 mini
371 4176 467 4234 nostri
485 4177 554 4233 iesu
567 4176 674 4235 Christi
691 4192 698 4231 :
718 4177 749 4232 P.
762 4176 817 4233 Per
831 4190 922 4250 quem
939 4174 1109 4249 [crunnus]
1199 4180 1316 4239 Lauda.
1326 4179 1458 4237 Laudato
1466 4178 1626 4237 Dominum
1636 4178 1675 4234 de
1684 4176 1766 4235 coelis
1776 4174 1925 4237 Alleluia:
1941 4177 1998 4233 lau·

280 4264 355 4322 mihi
367 4264 500 4322 mundus
512 4264 673 4321 crucifixus
693 4268 747 4329 esi,
761 4269 855 4335 etego
869 4265 996 4323 mundo.
1010 4264 1043 4326 li.
1056 4266 1109 4322 Ex·
1164 4270 1232 4328 date
1253 4285 1323 4327 eum
1342 4269 1372 4325 iu
1395 4266 1521 4326 excelsis
1544 4266 1679 4337 Alleluia,
1702 4264 1832 4323 aDelrda.
1859 4264 1999 4324 Psutarss

281 4356 406 4426 pectens
419 4352 574 4425 expectavi
594 4350 766 4422 Dominum,
781 4358 810 4409 et
832 4354 962 4427 respexit
982 4369 1054 4411 me:
1075 4356 1109 4411 Et
1164 4374 1280 4417 cxavur.

282 4440 436 4499 exaudivit
447 4440 689 4513 deprecationem
710 4456 819 4499 meam.
835 4440 868 4498 P.
894 4444 947 4500 Per
961 4458 1063 4517 quem.
1075 4442 1107 4505 v.
1198 4447 1371 4521 Prophetis.
1386 4448 1488 4505 iustus
1501 4446 1882 4519 stmunepreoccupatus.
1892 4444 1998 4512 [015³.

282 4530 393 4602 Gloria,
404 4537 432 4587 et
444 4530 541 4588 bonor
555 4530 644 4590 Patri.
661 4532 692 4586 P.
708 4530 761 4588 Per
775 4547 876 4606 quem.
1316 4588 1318 4593 ,
1506 4536 1654 4607 Hymnus.

320 4622 434 4679 Oratio.
450 4623 506 4679 Bas
517 4637 584 4693 nos,
600 4624 676 4680 Deus
692 4622 788 4691 Pater,
803 4624 835 4680 in
849 4624 921 4680 lesu
932 4620 1110 4681 ChristiBilii
1343 4624 1546 4698 omnipotenti
1563 4622 1689 4682 Domino

284 4712 327 4769 tui
342 4710 460 4769 Domini
474 4712 567 4770 nostri
576 4714 667 4771 cruce
677 4712 851 4786 plenissime
859 4713 988 4786 gloriari,
998 4718 1030 4770 ut
1041 4727 1108 4769 con·
1306 4714 1447 4772 Proslrati
1461 4728 1567 4771 omnes
1583 4710 1731 4784 supplices

282 4799 376 4859 lessio
391 4801 452 4860 oris
462 4816 532 4859 eum
546 4800 705 4860 efficientia
719 4803 829 4876 operis,
843 4803 885 4859 sic
904 4801 1065 4860 concordet
1079 4800 1109 4857 in
1307 4803 1479 4861 Beddamns
1491 4801 1602 4874 gratias
1615 4815 1670 4874 pro

280 4889 379 4958 nobis,
402 4890 529 4964 qualiter
545 4890 700 4948 verissime
728 4890 934 4962 crucifigentes
952 4905 1009 4947 nos
1028 4892 1109 4949 Dun-
1308 4891 1407 4949 Sancti
1425 4890 1551 4948 Andreae
1564 4887 1735 4947 certamine.

283 4977 335 5046 do,
358 4980 530 5039 aternitatis
552 4994 723 5039 mereamur
737 4980 836 5037 satiari
862 4980 899 5035 de
920 4978 1055 5053 praemio.
1076 4990 1109 5049 n.
1343 4977 1759 5055 Redemptoremdeprecans,

284 5069 390 5126 Amen.
1308 5073 1410 5143 ipsum
1419 5084 1524 5127 verum
1538 5081 1712 5141 agnoscere,

318 5156 371 5214 Per
383 5156 630 5216 misericordiam.
1308 5156 1501 5215 Daemonibus
1517 5155 1662 5221 invidere,

319 5243 1111 5321 antiphonasureeranquadmiaugaurequieseis
1308 5244 1475 5304 l'allacibns
1485 5244 1630 5303 resistere.

284 5339 500 5409 expectansme
510 5333 1111 5411 cerdssime.Scioganderete‚suseipiens
1341 5336 1465 5392 tursius
1475 5334 1589 5391 Christo
1603 5331 1730 5391 Domino

283 5423 470 5496 Discipulum
486 5423 563 5496 ejns,
587 5420 641 5497 qui
662 5422 805 5497 pependit
825 5425 856 5482 iu
877 5429 915 5483 te.
935 5425 968 5487 la.
989 5426 1112 5484 Audivit
1307 5420 1633 5482 PraedieavitAcbaia:

284 5510 439 5579 Dominus,
452 5515 482 5570 et
492 5512 631 5570 miserim
646 5511 771 5571 astmibi
786 5512 952 5571 sDomtnus
962 5512 1059 5574 lactus
1068 5517 1113 5572 est
1308 5510 1494 5573 Convertitur
1506 5510 1606 5571 omnir
1619 5508 1756 5586 populus,
